3225 5509
203 427 362 521 nyctpetus
377 427 614 508 wormatiensis,
635 427 818 513 pontificum
846 444 1050 497 romanorum
1076 427 1143 499 tut·

203 512 250 605 itu,
264 530 489 619 imperatorum
500 513 739 613 diplomatibus,
765 516 969 619 episcoporum
990 551 1029 597 uc
1052 536 1142 607 urin.

203 628 279 695 rtis
295 622 429 720 aliisque
439 616 582 715 plurilus
596 618 790 687 documentis
805 622 999 695 authenticis
1015 626 1143 721 adserta

203 748 266 809 tta,
290 718 498 795 francofurti
524 718 564 787 ad
584 722 691 785 Moen.
708 724 1021 800 MDCCXXXIV.fol.
1035 732 1060 791 *.
1076 730 1143 801 huc

222 832 334 925 Qtum
355 846 439 918 opus
457 822 521 889 hoc
550 823 717 911 egregium
747 822 782 886 in
812 822 895 892 duos
925 848 1036 897 tomos
1057 829 1143 901 diui·

224 932 315 1025 prior
330 927 462 995 illorum
487 918 675 987 adcuratam
688 925 842 991 notitiam
860 923 1035 995 dioeceseos
1050 950 1145 999 utor.

203 1054 207 1097 t
227 1032 359 1125 eiusque
388 1020 641 1120 episcoporum,
677 1017 882 1091 ecclesiarum
904 1048 942 1091 ac
978 1030 1144 1098 monaste-

223 1154 260 1201 ac
295 1150 410 1225 pra-ter
444 1125 533 1201 hac,
569 1124 659 1207 iura,
687 1126 919 1213 praerogamus
953 1146 1049 1220 atque
1080 1127 1144 1199 alia

203 1234 284 1303 huius
305 1228 453 1302 exhibctt
496 1220 658 1318 posterior
688 1243 798 1289 autem
829 1244 985 1317 magnam
1011 1231 1144 1319 copiam

203 1330 413 1429 diplomatum
433 1348 470 1393 ac
489 1326 676 1392 chartarum
695 1320 943 1415 complectitur,
963 1332 1143 1423 omniaque
1207 1390 1210 1397 .

204 1434 391 1513 etauctoris
416 1425 636 1496 eruditionem
660 1444 758 1514 atque
775 1422 990 1509 industriam,
1014 1448 1050 1497 vt
1067 1430 1142 1498 reli.

203 1558 211 1603 t
227 1533 349 1627 ingenii
373 1529 597 1606 monimenta,
620 1520 799 1593 luculenter
813 1524 987 1599 ostendunt
1006 1527 1142 1599 acmul-

203 1630 386 1705 mendant:

203 1734 256 1809 t't'ae
280 1752 444 1803 everoit
464 1723 590 1818 bisltriae
618 1719 812 1814 eccltfiallicae
842 1730 1061 1815 maculeris,
1084 1735 1145 1805 der

210 1834 276 1909 tend
294 1823 641 1927 reformationshistorit
656 1824 715 1891 dtr
728 1822 812 1909 lladt
832 1830 966 1923 Zittart,
988 1840 1047 1901 tuit
1066 1838 1147 1905 aucit

203 1928 432 2033 tiescbreibung
449 1929 525 1998 aller
546 1921 772 2021 euattgelischer
792 1923 950 2023 pallorum
973 1941 1145 2026 primario.

203 2042 332 2119 zittert,
369 2024 510 2101 Budilltae
540 2042 767 2100 unccxxxu.
797 2036 831 2109 8.
860 2052 936 2097 cum
955 2032 1148 2124 praefatione

203 2134 324 2213 ¹tttlt'eb.
343 2122 544 2223 Hausdorffli.
564 2126 606 2171 **

204 2240 356 2315 mentarii
382 2234 422 2304 cle
439 2236 511 2301 vitis
525 2226 713 2323 scriptisque
734 2222 970 2318 theologorum
988 2252 1026 2297 ac
1049 2237 1148 2305 mini.

203 2338 339 2415 ecclefiae
360 2333 479 2405 utiliter
509 2329 672 2399 interdum
695 2325 735 2393 ab
758 2330 795 2394 iis
820 2324 949 2418 legendi
972 2326 1064 2414 sunt,
1092 2342 1149 2431 qui

206 2436 461 2518 aecclefiallica‚
482 2435 622 2501 maxime
643 2448 804 2495 certarum
828 2430 1073 2519 prouinciarum
1103 2458 1151 2506 at.
1179 2442 1182 2447 ’

203 2570 265 2628 un,
285 2534 478 2611 illustrandi¹
499 2528 675 2601 versantur.
738 2529 885 2606 Eorum,
917 2532 972 2621 qui
999 2532 1040 2599 ad
1067 2542 1150 2607 Ger·

203 2642 353 2749 nostram

363 2686 374 2721 ‚
396 2637 544 2728 inprimis
563 2634 709 2698 ciuitates
730 2628 797 2693 eius
816 2624 974 2719 spectant,
995 2656 1149 2707 numerus

391 2740 410 2770 ἱ
922 2732 928 2743 .
1008 2740 1012 2747 .

296 2736 360 2770 ,nt
411 2742 515 2770 ......
521 2731 559 2770 ll.
589 2728 719 2770 ...illam
741 2726 794 2770 luti
800 2749 895 2770 .....
898 2728 928 2770 A.
958 2730 977 2770 Γ
972 2756 1148 2770 .............
