<?xml version="1.0" encoding="UTF-8"?>
<!DOCTYPE html PUBLIC "-//W3C//DTD XHTML 1.0 Transitional//EN"
    "http://www.w3.org/TR/xhtml1/DTD/xhtml1-transitional.dtd">
<html xmlns="http://www.w3.org/1999/xhtml" xml:lang="en" lang="en">
 <head>
  <title>
</title>
<meta http-equiv="Content-Type" content="text/html;charset=utf-8" />
  <meta name='ocr-system' content='tesseract 3.04.00' />
  <meta name='ocr-capabilities' content='ocr_page ocr_carea ocr_par ocr_line ocrx_word'/>
</head>
<body>
  <div class='ocr_page' id='page_1' title='image "./iogeorgiiwalchi00walcgoog_0072.png"; bbox 0 0 3225 5509; ppageno 0'>
   <div class='ocr_carea' id='block_1_1' title="bbox 232 605 1144 705">
    <p class='ocr_par' dir='ltr' id='par_1_1' title="bbox 232 605 1144 705">
     <span class='ocr_line' id='line_1_1' title="bbox 232 605 1144 705; baseline -0.011 -23"><span class='ocrx_word' id='word_1_1' title='bbox 232 615 281 705; x_wconf 79' lang='lat'>48</span> <span class='ocrx_word' id='word_1_2' title='bbox 354 605 357 610; x_wconf 74' lang='grc'><strong>’</strong></span> <span class='ocrx_word' id='word_1_3' title='bbox 450 621 947 676; x_wconf 59' lang='lat' dir='ltr'>centumcentumn</span> <span class='ocrx_word' id='word_1_4' title='bbox 976 619 1144 672; x_wconf 74' lang='lat' dir='ltr'>necron.</span> 
     </span>
    </p>
   </div>
   <div class='ocr_carea' id='block_1_2' title="bbox 252 727 509 752">
    <p class='ocr_par' dir='ltr' id='par_1_2' title="bbox 252 727 509 752">
     <span class='ocr_line' id='line_1_2' title="bbox 252 727 509 752; baseline -0.008 -6"><span class='ocrx_word' id='word_1_5' title='bbox 252 727 509 752; x_wconf 52' lang='lat' dir='ltr'>ffl-</span> 
     </span>
    </p>
   </div>
   <div class='ocr_carea' id='block_1_3' title="bbox 283 745 1376 871">
    <p class='ocr_par' dir='ltr' id='par_1_3' title="bbox 283 745 1376 871">
     <span class='ocr_line' id='line_1_3' title="bbox 283 745 1376 871; baseline -0.011 -13"><span class='ocrx_word' id='word_1_6' title='bbox 283 795 471 858; x_wconf 72' lang='lat' dir='ltr'>unctum</span> <span class='ocrx_word' id='word_1_7' title='bbox 492 771 554 851; x_wconf 80' lang='lat' dir='ltr'>foi.</span> <span class='ocrx_word' id='word_1_8' title='bbox 570 745 643 871; x_wconf 71' lang='lat' dir='ltr'>que</span> <span class='ocrx_word' id='word_1_9' title='bbox 660 773 819 868; x_wconf 87' lang='lat' dir='ltr'>posterior</span> <span class='ocrx_word' id='word_1_10' title='bbox 829 774 934 846; x_wconf 87' lang='lat' dir='ltr'>editio</span> <span class='ocrx_word' id='word_1_11' title='bbox 946 773 1097 868; x_wconf 82' lang='lat' dir='ltr'>Scaligeti</span> <span class='ocrx_word' id='word_1_12' title='bbox 1121 779 1376 848; x_wconf 83' lang='lat' dir='ltr'>commentariot</span> 
     </span>
    </p>
   </div>
   <div class='ocr_carea' id='block_1_4' title="bbox 148 863 1421 4571">
    <p class='ocr_par' dir='ltr' id='par_1_4' title="bbox 148 863 1421 4571">
     <span class='ocr_line' id='line_1_4' title="bbox 285 863 1379 970; baseline -0.004 -18"><span class='ocrx_word' id='word_1_13' title='bbox 285 880 503 952; x_wconf 82' lang='lat' dir='ltr'>adcuratiores</span> <span class='ocrx_word' id='word_1_14' title='bbox 522 894 554 943; x_wconf 91' lang='lat' dir='ltr'>et</span> <span class='ocrx_word' id='word_1_15' title='bbox 580 872 685 945; x_wconf 89' lang='lat' dir='ltr'>multo</span> <span class='ocrx_word' id='word_1_16' title='bbox 716 863 943 970; x_wconf 83' lang='lat' dir='ltr'>locupletiores</span> <span class='ocrx_word' id='word_1_17' title='bbox 970 874 1108 946; x_wconf 77' lang='lat' dir='ltr'>exhibet.</span> <span class='ocrx_word' id='word_1_18' title='bbox 1158 876 1240 947; x_wconf 86' lang='lat' dir='ltr'>Iusta</span> <span class='ocrx_word' id='word_1_19' title='bbox 1268 896 1379 948; x_wconf 88' lang='lat' dir='ltr'>tamen</span> 
     </span>
     <span class='ocr_line' id='line_1_5' title="bbox 284 963 1421 1073; baseline 0.002 -25"><span class='ocrx_word' id='word_1_20' title='bbox 284 979 330 1054; x_wconf 84' lang='lat' dir='ltr'>est</span> <span class='ocrx_word' id='word_1_21' title='bbox 354 973 524 1048; x_wconf 90' lang='lat' dir='ltr'>dubitandi</span> <span class='ocrx_word' id='word_1_22' title='bbox 543 980 647 1057; x_wconf 82' lang='lat' dir='ltr'>ratio,</span> <span class='ocrx_word' id='word_1_23' title='bbox 668 979 780 1044; x_wconf 86' lang='lat' dir='ltr'>omnia</span> <span class='ocrx_word' id='word_1_24' title='bbox 797 975 839 1044; x_wconf 87' lang='lat' dir='ltr'>ab</span> <span class='ocrx_word' id='word_1_25' title='bbox 853 974 986 1046; x_wconf 83' lang='lat' dir='ltr'>Eusebio</span> <span class='ocrx_word' id='word_1_26' title='bbox 1003 974 1155 1070; x_wconf 79' lang='lat' dir='ltr'>profecta.</span> <span class='ocrx_word' id='word_1_27' title='bbox 1172 973 1244 1056; x_wconf 81' lang='lat' dir='ltr'>effe,</span> <span class='ocrx_word' id='word_1_28' title='bbox 1264 980 1379 1073; x_wconf 76' lang='lat' dir='ltr'>quaeet&#39;</span> <span class='ocrx_word' id='word_1_29' title='bbox 1414 963 1421 1000; x_wconf 56' lang='lat'>&#39;⁹</span> 
     </span>
     <span class='ocr_line' id='line_1_6' title="bbox 283 1069 1420 1171; baseline -0.01 -18"><span class='ocrx_word' id='word_1_30' title='bbox 283 1086 321 1153; x_wconf 89' lang='lat' dir='ltr'>in</span> <span class='ocrx_word' id='word_1_31' title='bbox 335 1069 474 1171; x_wconf 70' lang='lat' dir='ltr'>thesauro</span> <span class='ocrx_word' id='word_1_32' title='bbox 486 1077 551 1146; x_wconf 92' lang='lat' dir='ltr'>hoc</span> <span class='ocrx_word' id='word_1_33' title='bbox 569 1073 764 1148; x_wconf 88' lang='lat' dir='ltr'>tribuuntur.</span> <span class='ocrx_word' id='word_1_34' title='bbox 815 1079 938 1146; x_wconf 88' lang='lat' dir='ltr'>Merito</span> <span class='ocrx_word' id='word_1_35' title='bbox 959 1096 992 1146; x_wconf 92' lang='lat' dir='ltr'>et</span> <span class='ocrx_word' id='word_1_36' title='bbox 1008 1077 1124 1146; x_wconf 88' lang='lat' dir='ltr'>eruditi</span> <span class='ocrx_word' id='word_1_37' title='bbox 1142 1080 1203 1146; x_wconf 85' lang='lat' dir='ltr'>viri</span> <span class='ocrx_word' id='word_1_38' title='bbox 1230 1075 1379 1150; x_wconf 80' lang='lat' dir='ltr'>animad-</span> <span class='ocrx_word' id='word_1_39' title='bbox 1411 1073 1420 1142; x_wconf 77' lang='lat' dir='ltr'>-j</span> 
     </span>
     <span class='ocr_line' id='line_1_7' title="bbox 283 1173 1414 1273; baseline -0.004 -21"><span class='ocrx_word' id='word_1_40' title='bbox 283 1197 469 1273; x_wconf 85' lang='lat' dir='ltr'>uerterunt,</span> <span class='ocrx_word' id='word_1_41' title='bbox 497 1173 696 1269; x_wconf 78' lang='lat' dir='ltr'>scaligerum</span> <span class='ocrx_word' id='word_1_42' title='bbox 713 1200 784 1244; x_wconf 91' lang='lat' dir='ltr'>non</span> <span class='ocrx_word' id='word_1_43' title='bbox 809 1196 926 1244; x_wconf 88' lang='lat' dir='ltr'>cuncta</span> <span class='ocrx_word' id='word_1_44' title='bbox 946 1175 1092 1246; x_wconf 85' lang='lat' dir='ltr'>distincte</span> <span class='ocrx_word' id='word_1_45' title='bbox 1115 1176 1256 1271; x_wconf 81' lang='lat' dir='ltr'>praehere</span> <span class='ocrx_word' id='word_1_46' title='bbox 1282 1196 1379 1272; x_wconf 87' lang='lat' dir='ltr'>atque</span> <span class='ocrx_word' id='word_1_47' title='bbox 1408 1215 1414 1234; x_wconf 88' lang='lat'>·</span> 
     </span>
     <span class='ocr_line' id='line_1_8' title="bbox 282 1267 1420 1372; baseline -0.007 -20"><span class='ocrx_word' id='word_1_48' title='bbox 282 1279 449 1354; x_wconf 88' lang='lat' dir='ltr'>interdum</span> <span class='ocrx_word' id='word_1_49' title='bbox 476 1274 585 1345; x_wconf 87' lang='lat' dir='ltr'>abeo</span> <span class='ocrx_word' id='word_1_50' title='bbox 612 1274 780 1363; x_wconf 80' lang='lat' dir='ltr'>aberrare,</span> <span class='ocrx_word' id='word_1_51' title='bbox 813 1274 905 1370; x_wconf 93' lang='lat' dir='ltr'>quod</span> <span class='ocrx_word' id='word_1_52' title='bbox 932 1296 1055 1346; x_wconf 89' lang='lat' dir='ltr'>rectum</span> <span class='ocrx_word' id='word_1_53' title='bbox 1074 1277 1129 1350; x_wconf 82' lang='lat' dir='ltr'>est.</span> <span class='ocrx_word' id='word_1_54' title='bbox 1150 1277 1172 1321; x_wconf 88' lang='lat'><strong><em>*</em></strong></span> <span class='ocrx_word' id='word_1_55' title='bbox 1221 1276 1378 1372; x_wconf 79' lang='lat' dir='ltr'>Adiungo</span> <span class='ocrx_word' id='word_1_56' title='bbox 1418 1267 1420 1344; x_wconf 63' lang='lat' dir='ltr'>J</span> 
     </span>
     <span class='ocr_line' id='line_1_9' title="bbox 289 1376 1420 1474; baseline -0.004 -22"><span class='ocrx_word' id='word_1_57' title='bbox 289 1401 498 1453; x_wconf 70' lang='lat' dir='ltr'>tornutio</span> <span class='ocrx_word' id='word_1_58' title='bbox 531 1379 773 1464; x_wconf 70' lang='lat' dir='ltr'>ammomum,</span> <span class='ocrx_word' id='word_1_59' title='bbox 796 1380 996 1468; x_wconf 84' lang='lat' dir='ltr'><strong>cognomine</strong></span> <span class='ocrx_word' id='word_1_60' title='bbox 1023 1376 1142 1446; x_wconf 71' lang='lat' dir='ltr'>Malaia</span> <span class='ocrx_word' id='word_1_61' title='bbox 1166 1397 1296 1458; x_wconf 87' lang='lat' dir='ltr'>notum,</span> <span class='ocrx_word' id='word_1_62' title='bbox 1324 1379 1379 1474; x_wconf 89' lang='lat' dir='ltr'>qui</span> <span class='ocrx_word' id='word_1_63' title='bbox 1411 1385 1420 1430; x_wconf 87' lang='lat'>··&#39;</span> 
     </span>
     <span class='ocr_line' id='line_1_10' title="bbox 158 1473 1378 1570; baseline -0.003 -18"><span class='ocrx_word' id='word_1_64' title='bbox 158 1521 161 1526; x_wconf 96' lang='lat'>·</span> <span class='ocrx_word' id='word_1_65' title='bbox 283 1478 444 1570; x_wconf 69' lang='lat' dir='ltr'>historiam</span> <span class='ocrx_word' id='word_1_66' title='bbox 465 1475 643 1548; x_wconf 81' lang='lat' dir='ltr'>chronicam</span> <span class='ocrx_word' id='word_1_67' title='bbox 668 1473 709 1544; x_wconf 88' lang='lat' dir='ltr'>ab</span> <span class='ocrx_word' id='word_1_68' title='bbox 728 1474 810 1544; x_wconf 92' lang='lat' dir='ltr'>orbe</span> <span class='ocrx_word' id='word_1_69' title='bbox 832 1474 968 1545; x_wconf 92' lang='lat' dir='ltr'>condito</span> <span class='ocrx_word' id='word_1_70' title='bbox 987 1476 1145 1570; x_wconf 80' lang='lat' dir='ltr'>usquead</span> <span class='ocrx_word' id='word_1_71' title='bbox 1169 1475 1299 1548; x_wconf 88' lang='lat' dir='ltr'>obitum</span> <span class='ocrx_word' id='word_1_72' title='bbox 1323 1481 1378 1552; x_wconf 87' lang='lat' dir='ltr'>lu-</span> 
     </span>
     <span class='ocr_line' id='line_1_11' title="bbox 285 1572 1416 1672; baseline -0.004 -20"><span class='ocrx_word' id='word_1_73' title='bbox 285 1581 412 1652; x_wconf 86' lang='lat' dir='ltr'>stiniani</span> <span class='ocrx_word' id='word_1_74' title='bbox 432 1581 456 1647; x_wconf 91' lang='lat'>1.</span> <span class='ocrx_word' id='word_1_75' title='bbox 481 1579 685 1670; x_wconf 84' lang='lat' dir='ltr'>imperatoris</span> <span class='ocrx_word' id='word_1_76' title='bbox 714 1572 845 1668; x_wconf 78' lang='lat' dir='ltr'>scripsit.</span> <span class='ocrx_word' id='word_1_77' title='bbox 897 1579 938 1644; x_wconf 88' lang='lat' dir='ltr'>In</span> <span class='ocrx_word' id='word_1_78' title='bbox 960 1574 1067 1647; x_wconf 87' lang='lat' dir='ltr'>lucem</span> <span class='ocrx_word' id='word_1_79' title='bbox 1095 1575 1149 1647; x_wconf 86' lang='lat' dir='ltr'>iiia</span> <span class='ocrx_word' id='word_1_80' title='bbox 1178 1580 1254 1648; x_wconf 85' lang='lat' dir='ltr'>exiit</span> <span class='ocrx_word' id='word_1_81' title='bbox 1278 1601 1378 1672; x_wconf 68' lang='lat' dir='ltr'>grece</span> <span class='ocrx_word' id='word_1_82' title='bbox 1413 1597 1416 1606; x_wconf 92' lang='grc'><strong><em>·</em></strong></span> 
     </span>
     <span class='ocr_line' id='line_1_12' title="bbox 284 1673 1376 1771; baseline -0.004 -20"><span class='ocrx_word' id='word_1_83' title='bbox 284 1705 362 1751; x_wconf 90' lang='lat' dir='ltr'>cum</span> <span class='ocrx_word' id='word_1_84' title='bbox 393 1678 493 1770; x_wconf 80' lang='lat' dir='ltr'>latina</span> <span class='ocrx_word' id='word_1_85' title='bbox 520 1681 785 1771; x_wconf 80' lang='lat' dir='ltr'>interpretatione</span> <span class='ocrx_word' id='word_1_86' title='bbox 822 1673 982 1745; x_wconf 80' lang='lat' dir='ltr'>Edmundi</span> <span class='ocrx_word' id='word_1_87' title='bbox 1022 1675 1213 1748; x_wconf 70' lang='lat' dir='ltr'>chiimeedit</span> <span class='ocrx_word' id='word_1_88' title='bbox 1271 1701 1376 1749; x_wconf 74' lang='lat' dir='ltr'>nvtr-</span> 
     </span>
     <span class='ocr_line' id='line_1_13' title="bbox 289 1772 1372 1872; baseline -0.005 -22"><span class='ocrx_word' id='word_1_89' title='bbox 289 1802 421 1850; x_wconf 81' lang='lat' dir='ltr'>rntot</span> <span class='ocrx_word' id='word_1_90' title='bbox 458 1798 585 1846; x_wconf 82' lang='lat' dir='ltr'>noott</span> <span class='ocrx_word' id='word_1_91' title='bbox 625 1772 899 1872; x_wconf 60' lang='lat' dir='ltr'>dfiirtationedt</span> <span class='ocrx_word' id='word_1_92' title='bbox 932 1794 1061 1856; x_wconf 77' lang='lat' dir='ltr'>auctore¹</span> <span class='ocrx_word' id='word_1_93' title='bbox 1084 1802 1122 1846; x_wconf 86' lang='lat' dir='ltr'>ac</span> <span class='ocrx_word' id='word_1_94' title='bbox 1159 1799 1372 1850; x_wconf 68' lang='lat' dir='ltr'>arcuatur</span> 
     </span>
     <span class='ocr_line' id='line_1_14' title="bbox 249 1875 1377 1971; baseline -0.004 -22"><span class='ocrx_word' id='word_1_95' title='bbox 249 1951 254 1960; x_wconf 75' lang='grc'><em>,</em></span> <span class='ocrx_word' id='word_1_96' title='bbox 274 1901 501 1950; x_wconf 68' lang='lat' dir='ltr'>uturum</span> <span class='ocrx_word' id='word_1_97' title='bbox 526 1875 670 1971; x_wconf 81' lang='lat' dir='ltr'>epistola,</span> <span class='ocrx_word' id='word_1_98' title='bbox 687 1879 810 1945; x_wconf 85' lang='lat' dir='ltr'>Oxonii</span> <span class='ocrx_word' id='word_1_99' title='bbox 828 1893 989 1952; x_wconf 79' lang='lat' dir='ltr'>MDcxcl·</span> <span class='ocrx_word' id='word_1_100' title='bbox 1007 1890 1043 1960; x_wconf 87' lang='lat'>8.</span> <span class='ocrx_word' id='word_1_101' title='bbox 1094 1876 1208 1948; x_wconf 86' lang='lat' dir='ltr'>Plenus</span> <span class='ocrx_word' id='word_1_102' title='bbox 1233 1876 1279 1948; x_wconf 88' lang='lat' dir='ltr'>est</span> <span class='ocrx_word' id='word_1_103' title='bbox 1298 1877 1377 1949; x_wconf 88' lang='lat' dir='ltr'>liber</span> 
     </span>
     <span class='ocr_line' id='line_1_15' title="bbox 227 1971 1375 2072; baseline -0.003 -22"><span class='ocrx_word' id='word_1_104' title='bbox 227 1993 230 2010; x_wconf 86' lang='lat'>&#39;</span> <span class='ocrx_word' id='word_1_105' title='bbox 283 1979 338 2051; x_wconf 89' lang='lat' dir='ltr'>hic</span> <span class='ocrx_word' id='word_1_106' title='bbox 361 1971 522 2072; x_wconf 77' lang='lat' dir='ltr'>nugarum</span> <span class='ocrx_word' id='word_1_107' title='bbox 545 2000 583 2045; x_wconf 88' lang='lat' dir='ltr'>ac</span> <span class='ocrx_word' id='word_1_108' title='bbox 607 1973 810 2051; x_wconf 69' lang='lat' dir='ltr'>fabularumt</span> <span class='ocrx_word' id='word_1_109' title='bbox 847 1999 908 2045; x_wconf 92' lang='lat' dir='ltr'>nec</span> <span class='ocrx_word' id='word_1_110' title='bbox 928 1979 964 2044; x_wconf 90' lang='lat' dir='ltr'>in</span> <span class='ocrx_word' id='word_1_111' title='bbox 988 1996 1175 2072; x_wconf 89' lang='lat' dir='ltr'>tempotum</span> <span class='ocrx_word' id='word_1_112' title='bbox 1196 1977 1375 2048; x_wconf 80' lang='lat' dir='ltr'>rationibus</span> 
     </span>
     <span class='ocr_line' id='line_1_16' title="bbox 282 2072 1377 2172; baseline -0.001 -23"><span class='ocrx_word' id='word_1_113' title='bbox 282 2077 465 2150; x_wconf 80' lang='lat' dir='ltr'>adcuratus.</span> <span class='ocrx_word' id='word_1_114' title='bbox 514 2081 553 2145; x_wconf 90' lang='lat' dir='ltr'>In</span> <span class='ocrx_word' id='word_1_115' title='bbox 573 2074 724 2146; x_wconf 90' lang='lat' dir='ltr'>eumdem</span> <span class='ocrx_word' id='word_1_116' title='bbox 749 2072 881 2146; x_wconf 84' lang='lat' dir='ltr'>censum</span> <span class='ocrx_word' id='word_1_117' title='bbox 900 2080 988 2145; x_wconf 89' lang='lat' dir='ltr'>venit</span> <span class='ocrx_word' id='word_1_118' title='bbox 1006 2073 1142 2172; x_wconf 86' lang='lat' dir='ltr'>scriptor</span> <span class='ocrx_word' id='word_1_119' title='bbox 1163 2075 1313 2162; x_wconf 65' lang='lat' dir='ltr'>chr-mci,</span> <span class='ocrx_word' id='word_1_120' title='bbox 1332 2079 1377 2148; x_wconf 81' lang='lat' dir='ltr'>uti</span> 
     </span>
     <span class='ocr_line' id='line_1_17' title="bbox 284 2174 1377 2272; baseline -0.005 -22"><span class='ocrx_word' id='word_1_121' title='bbox 284 2200 439 2260; x_wconf 83' lang='lat' dir='ltr'>vocatur,</span> <span class='ocrx_word' id='word_1_122' title='bbox 458 2175 672 2259; x_wconf 66' lang='lat' dir='ltr'>aiexmdrini,</span> <span class='ocrx_word' id='word_1_123' title='bbox 694 2175 784 2272; x_wconf 90' lang='lat' dir='ltr'>quod</span> <span class='ocrx_word' id='word_1_124' title='bbox 803 2178 919 2271; x_wconf 85' lang='lat' dir='ltr'>incipit</span> <span class='ocrx_word' id='word_1_125' title='bbox 937 2174 977 2246; x_wconf 84' lang='lat' dir='ltr'>ab</span> <span class='ocrx_word' id='word_1_126' title='bbox 1010 2176 1089 2248; x_wconf 91' lang='lat' dir='ltr'>orbe</span> <span class='ocrx_word' id='word_1_127' title='bbox 1118 2179 1255 2248; x_wconf 91' lang='lat' dir='ltr'>condito</span> <span class='ocrx_word' id='word_1_128' title='bbox 1285 2199 1318 2250; x_wconf 93' lang='lat' dir='ltr'>et</span> <span class='ocrx_word' id='word_1_129' title='bbox 1337 2175 1377 2246; x_wconf 88' lang='lat' dir='ltr'>ad</span> 
     </span>
     <span class='ocr_line' id='line_1_18' title="bbox 281 2273 1378 2372; baseline -0.002 -22"><span class='ocrx_word' id='word_1_130' title='bbox 281 2277 426 2350; x_wconf 87' lang='lat' dir='ltr'>Heraclii</span> <span class='ocrx_word' id='word_1_131' title='bbox 438 2281 641 2372; x_wconf 82' lang='lat' dir='ltr'>imperatoris</span> <span class='ocrx_word' id='word_1_132' title='bbox 665 2296 814 2371; x_wconf 84' lang='lat' dir='ltr'>tempora</span> <span class='ocrx_word' id='word_1_133' title='bbox 842 2273 1036 2370; x_wconf 85' lang='lat' dir='ltr'>perducitur.</span> <span class='ocrx_word' id='word_1_134' title='bbox 1086 2275 1277 2371; x_wconf 85' lang='lat' dir='ltr'>Adpellatur</span> <span class='ocrx_word' id='word_1_135' title='bbox 1297 2275 1378 2348; x_wconf 74' lang='lat' dir='ltr'>thud</span> 
     </span>
     <span class='ocr_line' id='line_1_19' title="bbox 281 2375 1386 2472; baseline -0.005 -21"><span class='ocrx_word' id='word_1_136' title='bbox 281 2375 535 2467; x_wconf 76' lang='lat' dir='ltr'>alexandrinum,</span> <span class='ocrx_word' id='word_1_137' title='bbox 552 2376 643 2471; x_wconf 91' lang='lat' dir='ltr'>quod</span> <span class='ocrx_word' id='word_1_138' title='bbox 661 2380 697 2445; x_wconf 94' lang='lat' dir='ltr'>in</span> <span class='ocrx_word' id='word_1_139' title='bbox 720 2380 882 2471; x_wconf 90' lang='lat' dir='ltr'>principio</span> <span class='ocrx_word' id='word_1_140' title='bbox 911 2376 1031 2446; x_wconf 82' lang='lat' dir='ltr'>codicis</span> <span class='ocrx_word' id='word_1_141' title='bbox 1054 2375 1260 2472; x_wconf 86' lang='lat' dir='ltr'>manuscripti</span> <span class='ocrx_word' id='word_1_142' title='bbox 1286 2379 1386 2448; x_wconf 78' lang='lat' dir='ltr'>Petri</span> 
     </span>
     <span class='ocr_line' id='line_1_20' title="bbox 281 2473 1377 2573; baseline -0.002 -23"><span class='ocrx_word' id='word_1_143' title='bbox 281 2479 485 2550; x_wconf 67' lang='lat' dir='ltr'>alexandrini</span> <span class='ocrx_word' id='word_1_144' title='bbox 519 2500 642 2546; x_wconf 92' lang='lat' dir='ltr'>nornen</span> <span class='ocrx_word' id='word_1_145' title='bbox 669 2497 701 2547; x_wconf 93' lang='lat' dir='ltr'>et</span> <span class='ocrx_word' id='word_1_146' title='bbox 730 2473 915 2569; x_wconf 83' lang='lat' dir='ltr'>fragmenta</span> <span class='ocrx_word' id='word_1_147' title='bbox 937 2474 1084 2573; x_wconf 84' lang='lat' dir='ltr'>quaedam</span> <span class='ocrx_word' id='word_1_148' title='bbox 1108 2479 1175 2546; x_wconf 79' lang='lat' dir='ltr'>eius</span> <span class='ocrx_word' id='word_1_149' title='bbox 1204 2473 1377 2572; x_wconf 84' lang='lat' dir='ltr'>proferan-</span> 
     </span>
     <span class='ocr_line' id='line_1_21' title="bbox 282 2574 1378 2672; baseline 0.003 -23"><span class='ocrx_word' id='word_1_150' title='bbox 282 2600 347 2660; x_wconf 89' lang='lat' dir='ltr'>tut,</span> <span class='ocrx_word' id='word_1_151' title='bbox 367 2575 529 2672; x_wconf 77' lang='lat' dir='ltr'>habetque</span> <span class='ocrx_word' id='word_1_152' title='bbox 546 2579 644 2644; x_wconf 86' lang='lat' dir='ltr'>etiam</span> <span class='ocrx_word' id='word_1_153' title='bbox 663 2599 786 2645; x_wconf 89' lang='lat' dir='ltr'>nomen</span> <span class='ocrx_word' id='word_1_154' title='bbox 796 2574 954 2668; x_wconf 77' lang='lat' dir='ltr'>fastorum</span> <span class='ocrx_word' id='word_1_155' title='bbox 971 2575 1146 2670; x_wconf 73' lang='lat' dir='ltr'>sscuiorunt,</span> <span class='ocrx_word' id='word_1_156' title='bbox 1170 2599 1267 2648; x_wconf 82' lang='lat' dir='ltr'>exeo</span> <span class='ocrx_word' id='word_1_157' title='bbox 1290 2576 1378 2652; x_wconf 81' lang='lat' dir='ltr'>sum·</span> 
     </span>
     <span class='ocr_line' id='line_1_22' title="bbox 282 2672 1376 2775; baseline -0.002 -27"><span class='ocrx_word' id='word_1_158' title='bbox 282 2699 366 2768; x_wconf 84' lang='lat' dir='ltr'>tum,</span> <span class='ocrx_word' id='word_1_159' title='bbox 399 2674 678 2771; x_wconf 81' lang='lat' dir='ltr'>quemadmodum</span> <span class='ocrx_word' id='word_1_160' title='bbox 708 2672 880 2746; x_wconf 83' lang='lat' dir='ltr'>doctiffrmi</span> <span class='ocrx_word' id='word_1_161' title='bbox 908 2679 969 2745; x_wconf 87' lang='lat' dir='ltr'>viri</span> <span class='ocrx_word' id='word_1_162' title='bbox 993 2676 1280 2760; x_wconf 81' lang='lat' dir='ltr'>attimaduertunt,</span> <span class='ocrx_word' id='word_1_163' title='bbox 1299 2680 1376 2775; x_wconf 84' lang='lat' dir='ltr'>quia</span> 
     </span>
     <span class='ocr_line' id='line_1_23' title="bbox 283 2775 1407 2868; baseline 0 -20"><span class='ocrx_word' id='word_1_164' title='bbox 283 2776 326 2848; x_wconf 85' lang='lat' dir='ltr'>ab</span> <span class='ocrx_word' id='word_1_165' title='bbox 353 2779 561 2868; x_wconf 80' lang='lat' dir='ltr'>Hieronymo</span> <span class='ocrx_word' id='word_1_166' title='bbox 597 2779 702 2844; x_wconf 83' lang='lat' dir='ltr'>Surita</span> <span class='ocrx_word' id='word_1_167' title='bbox 725 2780 759 2844; x_wconf 93' lang='lat' dir='ltr'>in</span> <span class='ocrx_word' id='word_1_168' title='bbox 784 2776 906 2847; x_wconf 85' lang='lat' dir='ltr'>vetusta</span> <span class='ocrx_word' id='word_1_169' title='bbox 939 2775 1051 2846; x_wconf 80' lang='lat' dir='ltr'>Siciliae</span> <span class='ocrx_word' id='word_1_170' title='bbox 1090 2775 1285 2849; x_wconf 85' lang='lat' dir='ltr'>bibliotheca</span> <span class='ocrx_word' id='word_1_171' title='bbox 1328 2799 1407 2848; x_wconf 81' lang='lat' dir='ltr'>re·-</span> 
     </span>
     <span class='ocr_line' id='line_1_24' title="bbox 282 2873 1375 2975; baseline -0.001 -28"><span class='ocrx_word' id='word_1_172' title='bbox 282 2897 412 2975; x_wconf 90' lang='lat' dir='ltr'>pertum</span> <span class='ocrx_word' id='word_1_173' title='bbox 437 2873 547 2951; x_wconf 87' lang='lat' dir='ltr'>fuerit.</span> <span class='ocrx_word' id='word_1_174' title='bbox 599 2877 729 2946; x_wconf 89' lang='lat' dir='ltr'>Dicitur</span> <span class='ocrx_word' id='word_1_175' title='bbox 752 2896 903 2970; x_wconf 83' lang='lat' dir='ltr'>ptaetetea</span> <span class='ocrx_word' id='word_1_176' title='bbox 921 2877 1090 2948; x_wconf 80' lang='lat' dir='ltr'>chronicon</span> <span class='ocrx_word' id='word_1_177' title='bbox 1114 2873 1272 2973; x_wconf 74' lang='lat' dir='ltr'>paschale,</span> <span class='ocrx_word' id='word_1_178' title='bbox 1291 2899 1375 2972; x_wconf 90' lang='lat' dir='ltr'>quo·</span> 
     </span>
     <span class='ocr_line' id='line_1_25' title="bbox 280 2975 1374 3072; baseline -0.002 -24"><span class='ocrx_word' id='word_1_179' title='bbox 280 2980 374 3048; x_wconf 86' lang='lat' dir='ltr'>niam</span> <span class='ocrx_word' id='word_1_180' title='bbox 401 2980 437 3046; x_wconf 87' lang='lat' dir='ltr'>in</span> <span class='ocrx_word' id='word_1_181' title='bbox 458 3001 499 3045; x_wconf 91' lang='lat' dir='ltr'>eo</span> <span class='ocrx_word' id='word_1_182' title='bbox 524 2996 709 3070; x_wconf 91' lang='lat' dir='ltr'>temporum</span> <span class='ocrx_word' id='word_1_183' title='bbox 736 2981 889 3060; x_wconf 85' lang='lat' dir='ltr'>rationes,</span> <span class='ocrx_word' id='word_1_184' title='bbox 910 2980 1068 3071; x_wconf 82' lang='lat' dir='ltr'>praecipue</span> <span class='ocrx_word' id='word_1_185' title='bbox 1093 2977 1134 3047; x_wconf 84' lang='lat' dir='ltr'>ad</span> <span class='ocrx_word' id='word_1_186' title='bbox 1149 2975 1227 3050; x_wconf 82' lang='lat' dir='ltr'>feste</span> <span class='ocrx_word' id='word_1_187' title='bbox 1245 2975 1374 3072; x_wconf 83' lang='lat' dir='ltr'>pascha·</span> 
     </span>
     <span class='ocr_line' id='line_1_26' title="bbox 280 3074 1375 3168; baseline -0.002 -20"><span class='ocrx_word' id='word_1_188' title='bbox 280 3081 323 3149; x_wconf 87' lang='lat' dir='ltr'>tis</span> <span class='ocrx_word' id='word_1_189' title='bbox 342 3074 469 3147; x_wconf 86' lang='lat' dir='ltr'>iudaica</span> <span class='ocrx_word' id='word_1_190' title='bbox 487 3099 524 3144; x_wconf 94' lang='lat' dir='ltr'>ac</span> <span class='ocrx_word' id='word_1_191' title='bbox 542 3076 710 3144; x_wconf 84' lang='lat' dir='ltr'>christiana</span> <span class='ocrx_word' id='word_1_192' title='bbox 732 3075 1006 3168; x_wconf 83' lang='lat' dir='ltr'>adcommodatae,</span> <span class='ocrx_word' id='word_1_193' title='bbox 1023 3099 1188 3153; x_wconf 84' lang='lat' dir='ltr'>notantur.</span> <span class='ocrx_word' id='word_1_194' title='bbox 1240 3076 1375 3147; x_wconf 73' lang='lat' dir='ltr'>Publica</span> 
     </span>
     <span class='ocr_line' id='line_1_27' title="bbox 281 3174 1374 3269; baseline -0.002 -21"><span class='ocrx_word' id='word_1_195' title='bbox 281 3175 348 3250; x_wconf 87' lang='lat' dir='ltr'>luci</span> <span class='ocrx_word' id='word_1_196' title='bbox 371 3177 554 3246; x_wconf 89' lang='lat' dir='ltr'>chronicon</span> <span class='ocrx_word' id='word_1_197' title='bbox 580 3176 645 3244; x_wconf 94' lang='lat' dir='ltr'>hoc</span> <span class='ocrx_word' id='word_1_198' title='bbox 670 3200 745 3245; x_wconf 92' lang='lat' dir='ltr'>cum</span> <span class='ocrx_word' id='word_1_199' title='bbox 767 3181 855 3245; x_wconf 85' lang='lat' dir='ltr'>notis</span> <span class='ocrx_word' id='word_1_200' title='bbox 874 3174 1020 3269; x_wconf 85' lang='lat' dir='ltr'>exposuit</span> <span class='ocrx_word' id='word_1_201' title='bbox 1049 3201 1213 3252; x_wconf 68' lang='lat' dir='ltr'>mortu.</span> <span class='ocrx_word' id='word_1_202' title='bbox 1249 3200 1374 3248; x_wconf 73' lang='lat' dir='ltr'>neon·</span> 
     </span>
     <span class='ocr_line' id='line_1_28' title="bbox 287 3275 1376 3372; baseline -0.004 -24"><span class='ocrx_word' id='word_1_203' title='bbox 287 3301 367 3360; x_wconf 73' lang='lat' dir='ltr'>nus,</span> <span class='ocrx_word' id='word_1_204' title='bbox 401 3276 574 3347; x_wconf 90' lang='lat' dir='ltr'>Monachii</span> <span class='ocrx_word' id='word_1_205' title='bbox 588 3294 770 3349; x_wconf 75' lang='lat' dir='ltr'>Mncxxlv.</span> <span class='ocrx_word' id='word_1_206' title='bbox 803 3300 839 3368; x_wconf 87' lang='lat'>4.</span> <span class='ocrx_word' id='word_1_207' title='bbox 851 3281 966 3370; x_wconf 86' lang='lat' dir='ltr'>Longe</span> <span class='ocrx_word' id='word_1_208' title='bbox 993 3275 1179 3348; x_wconf 86' lang='lat' dir='ltr'>adcuratior</span> <span class='ocrx_word' id='word_1_209' title='bbox 1199 3297 1231 3349; x_wconf 90' lang='lat' dir='ltr'>et</span> <span class='ocrx_word' id='word_1_210' title='bbox 1248 3275 1376 3372; x_wconf 87' lang='lat' dir='ltr'>plenior</span> 
     </span>
     <span class='ocr_line' id='line_1_29' title="bbox 283 3373 1378 3477; baseline -0.004 -29"><span class='ocrx_word' id='word_1_211' title='bbox 283 3376 329 3448; x_wconf 85' lang='lat' dir='ltr'>est</span> <span class='ocrx_word' id='word_1_212' title='bbox 359 3375 480 3458; x_wconf 90' lang='lat' dir='ltr'>editio,</span> <span class='ocrx_word' id='word_1_213' title='bbox 518 3400 588 3471; x_wconf 78' lang='lat' dir='ltr'>qua</span> <span class='ocrx_word' id='word_1_214' title='bbox 611 3373 667 3446; x_wconf 89' lang='lat' dir='ltr'>sub</span> <span class='ocrx_word' id='word_1_215' title='bbox 690 3375 785 3444; x_wconf 89' lang='lat' dir='ltr'>titulo</span> <span class='ocrx_word' id='word_1_216' title='bbox 817 3377 960 3446; x_wconf 79' lang='lat' dir='ltr'>chronici</span> <span class='ocrx_word' id='word_1_217' title='bbox 977 3373 1128 3477; x_wconf 80' lang='lat' dir='ltr'>paschalis</span> <span class='ocrx_word' id='word_1_218' title='bbox 1163 3401 1239 3448; x_wconf 88' lang='lat' dir='ltr'>cum</span> <span class='ocrx_word' id='word_1_219' title='bbox 1264 3375 1378 3460; x_wconf 79' lang='lat' dir='ltr'>melio·</span> 
     </span>
     <span class='ocr_line' id='line_1_30' title="bbox 283 3471 1376 3571; baseline -0.001 -24"><span class='ocrx_word' id='word_1_220' title='bbox 283 3474 503 3552; x_wconf 75' lang='lat' dir='ltr'>reversione,</span> <span class='ocrx_word' id='word_1_221' title='bbox 524 3475 655 3546; x_wconf 81' lang='lat' dir='ltr'>eruditis</span> <span class='ocrx_word' id='word_1_222' title='bbox 678 3474 945 3546; x_wconf 83' lang='lat' dir='ltr'>adnotationibus</span> <span class='ocrx_word' id='word_1_223' title='bbox 967 3498 1064 3571; x_wconf 86' lang='lat' dir='ltr'>atque</span> <span class='ocrx_word' id='word_1_224' title='bbox 1087 3471 1279 3571; x_wconf 83' lang='lat' dir='ltr'>ampliffima</span> <span class='ocrx_word' id='word_1_225' title='bbox 1298 3499 1376 3569; x_wconf 85' lang='lat' dir='ltr'>prae·</span> 
     </span>
     <span class='ocr_line' id='line_1_31' title="bbox 281 3571 1377 3673; baseline -0.005 -24"><span class='ocrx_word' id='word_1_226' title='bbox 281 3571 419 3657; x_wconf 78' lang='lat' dir='ltr'>satione,</span> <span class='ocrx_word' id='word_1_227' title='bbox 440 3574 493 3644; x_wconf 91' lang='lat' dir='ltr'>vbi</span> <span class='ocrx_word' id='word_1_228' title='bbox 513 3578 596 3645; x_wconf 90' lang='lat' dir='ltr'>inter</span> <span class='ocrx_word' id='word_1_229' title='bbox 616 3575 679 3644; x_wconf 88' lang='lat' dir='ltr'>alia</span> <span class='ocrx_word' id='word_1_230' title='bbox 697 3575 736 3645; x_wconf 92' lang='lat' dir='ltr'>de</span> <span class='ocrx_word' id='word_1_231' title='bbox 754 3598 887 3646; x_wconf 87' lang='lat' dir='ltr'>auctore</span> <span class='ocrx_word' id='word_1_232' title='bbox 900 3579 1007 3673; x_wconf 82' lang='lat' dir='ltr'>operis</span> <span class='ocrx_word' id='word_1_233' title='bbox 1026 3576 1122 3646; x_wconf 84' lang='lat' dir='ltr'>huius</span> <span class='ocrx_word' id='word_1_234' title='bbox 1140 3574 1271 3672; x_wconf 90' lang='lat' dir='ltr'>copiose</span> <span class='ocrx_word' id='word_1_235' title='bbox 1286 3571 1377 3646; x_wconf 83' lang='lat' dir='ltr'>diffe-</span> 
     </span>
     <span class='ocr_line' id='line_1_32' title="bbox 281 3672 1378 3758; baseline 0.001 -11"><span class='ocrx_word' id='word_1_236' title='bbox 281 3679 374 3758; x_wconf 86' lang='lat' dir='ltr'>titur,</span> <span class='ocrx_word' id='word_1_237' title='bbox 398 3672 503 3743; x_wconf 88' lang='lat' dir='ltr'>studio</span> <span class='ocrx_word' id='word_1_238' title='bbox 541 3697 691 3746; x_wconf 74' lang='lat' dir='ltr'>cenom</span> <span class='ocrx_word' id='word_1_239' title='bbox 733 3700 781 3745; x_wconf 83' lang='lat' dir='ltr'>nv</span> <span class='ocrx_word' id='word_1_240' title='bbox 806 3697 986 3745; x_wconf 58' lang='lat' dir='ltr'>arnususs</span> <span class='ocrx_word' id='word_1_241' title='bbox 1012 3675 1134 3746; x_wconf 80' lang='lat' dir='ltr'>Parisiis</span> <span class='ocrx_word' id='word_1_242' title='bbox 1164 3691 1378 3752; x_wconf 77' lang='lat' dir='ltr'><strong>MDCLXXIX·</strong></span> 
     </span>
     <span class='ocr_line' id='line_1_33' title="bbox 279 3769 1377 3870; baseline -0.005 -23"><span class='ocrx_word' id='word_1_243' title='bbox 279 3773 342 3847; x_wconf 87' lang='lat' dir='ltr'>fol.</span> <span class='ocrx_word' id='word_1_244' title='bbox 369 3776 457 3847; x_wconf 90' lang='lat' dir='ltr'>exiit.</span> <span class='ocrx_word' id='word_1_245' title='bbox 509 3777 561 3843; x_wconf 91' lang='lat' dir='ltr'>De</span> <span class='ocrx_word' id='word_1_246' title='bbox 599 3798 778 3843; x_wconf 78' lang='lat' dir='ltr'>cuoncrr</span> <span class='ocrx_word' id='word_1_247' title='bbox 824 3797 1032 3846; x_wconf 73' lang='lat' dir='ltr'>eruerunt</span> <span class='ocrx_word' id='word_1_248' title='bbox 1074 3778 1251 3863; x_wconf 83' lang='lat' dir='ltr'>chronico,</span> <span class='ocrx_word' id='word_1_249' title='bbox 1285 3769 1377 3870; x_wconf 90' lang='lat' dir='ltr'>quod</span> 
     </span>
     <span class='ocr_line' id='line_1_34' title="bbox 279 3868 1379 3968; baseline -0.005 -20"><span class='ocrx_word' id='word_1_250' title='bbox 279 3880 444 3968; x_wconf 86' lang='lat' dir='ltr'>integrum</span> <span class='ocrx_word' id='word_1_251' title='bbox 458 3868 526 3942; x_wconf 86' lang='lat' dir='ltr'>fere</span> <span class='ocrx_word' id='word_1_252' title='bbox 545 3895 583 3942; x_wconf 84' lang='lat' dir='ltr'>ex</span> <span class='ocrx_word' id='word_1_253' title='bbox 601 3896 761 3944; x_wconf 74' lang='lat' dir='ltr'>nestori</span> <span class='ocrx_word' id='word_1_254' title='bbox 788 3874 932 3945; x_wconf 76' lang='lat' dir='ltr'>chronico</span> <span class='ocrx_word' id='word_1_255' title='bbox 944 3874 1087 3948; x_wconf 83' lang='lat' dir='ltr'>summm</span> <span class='ocrx_word' id='word_1_256' title='bbox 1103 3876 1167 3949; x_wconf 89' lang='lat' dir='ltr'>est:</span> <span class='ocrx_word' id='word_1_257' title='bbox 1197 3874 1239 3946; x_wconf 94' lang='lat' dir='ltr'>de</span> <span class='ocrx_word' id='word_1_258' title='bbox 1255 3897 1379 3945; x_wconf 78' lang='lat' dir='ltr'>rouu-</span> 
     </span>
     <span class='ocr_line' id='line_1_35' title="bbox 285 3970 1381 4072; baseline 0 -28"><span class='ocrx_word' id='word_1_259' title='bbox 285 3998 370 4054; x_wconf 66' lang='grc' dir='ltr'>κισ,</span> <span class='ocrx_word' id='word_1_260' title='bbox 391 3971 546 4043; x_wconf 90' lang='lat' dir='ltr'>monachi</span> <span class='ocrx_word' id='word_1_261' title='bbox 566 3974 773 4056; x_wconf 86' lang='lat' dir='ltr'>antiocheni,</span> <span class='ocrx_word' id='word_1_262' title='bbox 791 3971 918 4067; x_wconf 69' lang='lat' dir='ltr'>historia</span> <span class='ocrx_word' id='word_1_263' title='bbox 938 3975 1152 4072; x_wconf 80' lang='lat' dir='ltr'>chronologica</span> <span class='ocrx_word' id='word_1_264' title='bbox 1181 3975 1288 4072; x_wconf 89' lang='lat' dir='ltr'>deque</span> <span class='ocrx_word' id='word_1_265' title='bbox 1311 3970 1381 4044; x_wconf 76' lang='lat' dir='ltr'>aliie</span> 
     </span>
     <span class='ocr_line' id='line_1_36' title="bbox 280 4077 1301 4172; baseline 0.001 -26"><span class='ocrx_word' id='word_1_266' title='bbox 280 4096 385 4146; x_wconf 82' lang='lat' dir='ltr'>taceo.</span> <span class='ocrx_word' id='word_1_267' title='bbox 438 4078 553 4159; x_wconf 88' lang='lat' dir='ltr'>Quum</span> <span class='ocrx_word' id='word_1_268' title='bbox 572 4077 660 4142; x_wconf 89' lang='lat' dir='ltr'>enim</span> <span class='ocrx_word' id='word_1_269' title='bbox 684 4078 890 4145; x_wconf 82' lang='lat' dir='ltr'>monimenta</span> <span class='ocrx_word' id='word_1_270' title='bbox 905 4077 973 4145; x_wconf 80' lang='lat' dir='ltr'>hacc</span> <span class='ocrx_word' id='word_1_271' title='bbox 990 4077 1031 4146; x_wconf 87' lang='lat' dir='ltr'>ad</span> <span class='ocrx_word' id='word_1_272' title='bbox 1059 4080 1190 4172; x_wconf 86' lang='lat' dir='ltr'>quasuis</span> <span class='ocrx_word' id='word_1_273' title='bbox 1210 4099 1301 4170; x_wconf 83' lang='lat' dir='ltr'>resg</span> 
     </span>
     <span class='ocr_line' id='line_1_37' title="bbox 279 4171 1380 4269; baseline -0.004 -21"><span class='ocrx_word' id='word_1_274' title='bbox 279 4172 434 4269; x_wconf 85' lang='lat' dir='ltr'>spectant,</span> <span class='ocrx_word' id='word_1_275' title='bbox 467 4171 658 4266; x_wconf 80' lang='lat' dir='ltr'>elongiore</span> <span class='ocrx_word' id='word_1_276' title='bbox 688 4197 803 4244; x_wconf 90' lang='lat' dir='ltr'>eorum</span> <span class='ocrx_word' id='word_1_277' title='bbox 832 4183 1149 4246; x_wconf 85' lang='lat' dir='ltr'>commemoratione</span> <span class='ocrx_word' id='word_1_278' title='bbox 1172 4181 1291 4246; x_wconf 91' lang='lat' dir='ltr'>merito</span> <span class='ocrx_word' id='word_1_279' title='bbox 1323 4173 1380 4244; x_wconf 84' lang='lat' dir='ltr'>ab·</span> 
     </span>
     <span class='ocr_line' id='line_1_38' title="bbox 280 4270 1380 4370; baseline -0.003 -26"><span class='ocrx_word' id='word_1_280' title='bbox 280 4275 393 4349; x_wconf 86' lang='lat' dir='ltr'>stineo.</span> <span class='ocrx_word' id='word_1_281' title='bbox 445 4270 596 4352; x_wconf 81' lang='lat' dir='ltr'>Sufficiat.</span> <span class='ocrx_word' id='word_1_282' title='bbox 617 4273 764 4369; x_wconf 79' lang='lat' dir='ltr'>quaedam</span> <span class='ocrx_word' id='word_1_283' title='bbox 782 4273 917 4344; x_wconf 86' lang='lat' dir='ltr'>istorum</span> <span class='ocrx_word' id='word_1_284' title='bbox 931 4298 1032 4369; x_wconf 84' lang='lat' dir='ltr'>eaque</span> <span class='ocrx_word' id='word_1_285' title='bbox 1049 4281 1207 4370; x_wconf 87' lang='lat' dir='ltr'>praecipua</span> <span class='ocrx_word' id='word_1_286' title='bbox 1233 4300 1305 4345; x_wconf 86' lang='lat' dir='ltr'>eam</span> <span class='ocrx_word' id='word_1_287' title='bbox 1336 4272 1380 4342; x_wconf 93' lang='lat' dir='ltr'>ob</span> 
     </span>
     <span class='ocr_line' id='line_1_39' title="bbox 148 4369 1381 4467; baseline -0.005 -21"><span class='ocrx_word' id='word_1_288' title='bbox 148 4449 152 4458; x_wconf 76' lang='grc'><em>,</em></span> <span class='ocrx_word' id='word_1_289' title='bbox 279 4371 421 4446; x_wconf 82' lang='lat' dir='ltr'>cauffam</span> <span class='ocrx_word' id='word_1_290' title='bbox 446 4369 631 4455; x_wconf 75' lang='lat' dir='ltr'>adduxisse,</span> <span class='ocrx_word' id='word_1_291' title='bbox 652 4377 728 4467; x_wconf 84' lang='lat' dir='ltr'>quia</span> <span class='ocrx_word' id='word_1_292' title='bbox 749 4370 803 4440; x_wconf 83' lang='lat' dir='ltr'>illa</span> <span class='ocrx_word' id='word_1_293' title='bbox 820 4374 983 4443; x_wconf 89' lang='lat' dir='ltr'>interdum</span> <span class='ocrx_word' id='word_1_294' title='bbox 1008 4374 1143 4444; x_wconf 84' lang='lat' dir='ltr'>historiae</span> <span class='ocrx_word' id='word_1_295' title='bbox 1171 4374 1381 4445; x_wconf 80' lang='lat' dir='ltr'>eccleiiasticae</span> 
     </span>
     <span class='ocr_line' id='line_1_40' title="bbox 279 4467 1379 4571; baseline -0.004 -25"><span class='ocrx_word' id='word_1_296' title='bbox 279 4473 402 4571; x_wconf 85' lang='lat' dir='ltr'>aliquid</span> <span class='ocrx_word' id='word_1_297' title='bbox 414 4472 494 4542; x_wconf 81' lang='lat' dir='ltr'>lucis</span> <span class='ocrx_word' id='word_1_298' title='bbox 522 4472 648 4545; x_wconf 85' lang='lat' dir='ltr'>adferre</span> <span class='ocrx_word' id='word_1_299' title='bbox 667 4467 810 4566; x_wconf 73' lang='lat' dir='ltr'>possunt.</span> <span class='ocrx_word' id='word_1_300' title='bbox 1278 4485 1309 4559; x_wconf 75' lang='grc' dir='ltr'>ς.</span> <span class='ocrx_word' id='word_1_301' title='bbox 1324 4477 1379 4548; x_wconf 84' lang='lat' dir='ltr'>lli.</span> 
     </span>
    </p>
   </div>
   <div class='ocr_carea' id='block_1_5' title="bbox 194 4598 1382 4814">
    <p class='ocr_par' dir='ltr' id='par_1_5' title="bbox 194 4598 1382 4814">
     <span class='ocr_line' id='line_1_41' title="bbox 194 4598 1382 4727; baseline -0.009 -15"><span class='ocrx_word' id='word_1_302' title='bbox 194 4701 203 4716; x_wconf 79' lang='grc'>,</span> <span class='ocrx_word' id='word_1_303' title='bbox 266 4649 465 4710; x_wconf 66' lang='lat' dir='ltr'>*cneum</span> <span class='ocrx_word' id='word_1_304' title='bbox 498 4644 679 4720; x_wconf 71' lang='lat' dir='ltr'>aneamst</span> <span class='ocrx_word' id='word_1_305' title='bbox 694 4642 938 4726; x_wconf 71' lang='lat' dir='ltr'>phthlegt&#39;c.pen·</span> <span class='ocrx_word' id='word_1_306' title='bbox 964 4598 1382 4727; x_wconf 34' lang='lat' dir='ltr'>amsa-105⁸·</span> 
     </span>
     <span class='ocr_line' id='line_1_42' title="bbox 295 4723 782 4814; baseline -0.027 1"><span class='ocrx_word' id='word_1_307' title='bbox 295 4723 546 4814; x_wconf 52' lang='lat' dir='ltr'>&amp;imfimo</span> <span class='ocrx_word' id='word_1_308' title='bbox 561 4745 593 4807; x_wconf 78' lang='lat' dir='ltr'>u·</span> <span class='ocrx_word' id='word_1_309' title='bbox 607 4743 653 4790; x_wconf 79' lang='lat'>¹¹·</span> <span class='ocrx_word' id='word_1_310' title='bbox 670 4745 701 4807; x_wconf 78' lang='lat' dir='ltr'>n·</span> <span class='ocrx_word' id='word_1_311' title='bbox 716 4743 782 4804; x_wconf 81' lang='lat' dir='ltr'>m·</span> 
     </span>
    </p>
   </div>
   <div class='ocr_carea' id='block_1_6' title="bbox 0 0 1618 5509">
    <p class='ocr_par' dir='ltr' id='par_1_6' title="bbox 0 0 1618 5509">
     <span class='ocr_line' id='line_1_43' title="bbox 0 0 1618 5509; baseline 0 1"><span class='ocrx_word' id='word_1_312' title='bbox 0 0 1618 5509; x_wconf 95' lang='lat' dir='ltr'> </span> 
     </span>
    </p>
   </div>
  </div>
 </body>
</html>
