3225 5509
224 619 297 707 418
446 625 534 678 cit.
563 627 647 676 vit.
676 629 725 676 oa
754 625 953 675 tentante
985 583 1182 671 uranon.

226 715 1351 752 Μ

274 795 357 872 pore
377 791 493 840 natum
510 763 591 850 esse,
617 788 715 862 atque
734 765 776 834 ad
789 764 980 837 sententiam
999 769 1083 838 hanc
1098 767 1300 864 probandam
1316 789 1354 837 vt·

277 879 327 946 ria
340 891 531 964 argumenta
547 865 664 941 adfert.
716 871 828 962 Qant
843 865 1054 961 principalem
1067 864 1293 938 dissertationis
1302 893 1355 940 tent

280 977 386 1070 quiem
406 991 539 1051 narrat,
563 970 699 1062 exponit
715 990 849 1061 quoque
863 967 903 1034 de
929 964 1045 1051 censu,
1072 993 1091 1038 a
1110 971 1268 1066 Quirinio
1286 991 1358 1038 acto:

282 1075 325 1146 de
340 1077 400 1152 iit,
425 1092 498 1164 quae
514 1090 661 1161 tempore
679 1066 821 1135 Herodis
839 1071 872 1134 in
886 1065 991 1134 Iudaea
1004 1067 1089 1162 gesta
1101 1068 1183 1138 sint:
1213 1067 1253 1138 de
1271 1067 1357 1140 instn·

282 1175 392 1252 tibus,
410 1165 491 1238 iull'u
513 1167 599 1236 istius
621 1163 817 1236 interfectis:
853 1165 891 1234 de
908 1173 1039 1260 magis,
1064 1167 1200 1265 quando
1225 1167 1272 1238 illi
1287 1169 1359 1238 Berli-

282 1275 449 1344 lelietnum
476 1272 642 1349 venerint,
674 1287 772 1361 atque
798 1265 966 1349 adlirniot,
1005 1266 1179 1363 Iosephum
1205 1293 1279 1339 vera
1302 1267 1358 1339 scri·

283 1363 375 1468 pfiss'e
394 1367 433 1438 de
447 1367 582 1438 Herode
596 1391 739 1460 magno,
777 1391 917 1460 eumque
946 1365 1101 1438 defendit.
1169 1373 1289 1438 Omnia
1308 1369 1357 1437 hcc

285 1481 333 1544 ita
351 1468 586 1566 explanantur,
613 1489 650 1536 vt
672 1467 889 1536 eruditionem
911 1465 1021 1540 Allixii
1040 1467 1215 1542 ostendant
1231 1493 1269 1540 ac
1284 1469 1360 1564 digna

288 1569 368 1657 lint,
394 1595 464 1666 quae
481 1568 630 1664 legantur
648 1589 687 1635 ac
710 1567 947 1638 diiudicentur:

371 1759 548 1809 tonitru
582 1755 829 1806 irritetur-nr
860 1755 972 1806 nitar
1006 1757 1059 1805 nn
1091 1733 1376 1806 cnnvtsonna'

290 1835 397 1914 cretus
411 1838 451 1908 de
466 1833 615 1929 npdlersls
638 1855 670 1905 et
685 1841 777 1905 annis
801 1835 908 1928 chrisi
917 1893 927 1930 ,
949 1841 1128 1930 serttotort's
1145 1835 1260 1930 nostri,
1284 1833 1363 1933 differ·

289 1936 466 2014 rationibus
480 1937 666 2034 dogmaticis
685 1953 716 2004 et
735 1933 984 2033 chronologiciet
1011 1961 1067 2006 nec
1087 1957 1150 2006 nan
1171 1934 1363 2033 offertionem·

289 2039 349 2114 bur
369 2037 522 2132 desieritis
543 2057 575 2107 et
592 2039 729 2118 criticis,
750 2043 843 2106 iuxta
858 2061 1041 2136 germanam
1062 2042 1136 2108 diui
1160 2041 1279 2110 reama
1299 2059 1363 2106 nrt·

291 2159 368 2227 tem,
389 2136 558 2234 illuslratut
587 2133 690 2208 etad
716 2136 801 2230 ulum
829 2133 935 2232 schola
967 2137 1246 2222 adcommodatus,
1275 2143 1363 2208 Rene

290 2261 453 2332 MDCCXI·
475 2241 542 2326 4.*
587 2242 750 2334 Scriptum
794 2237 860 2306 hoc
892 2240 986 2334 plura
1023 2239 1182 2323 exhibet,
1217 2261 1309 2338 quam
1327 2240 1364 2306 in·

290 2341 422 2437 scriptio
438 2357 441 2362 ’
458 2343 526 2410 eius
551 2338 695 2408 indicare
714 2337 852 2412 videtur.
931 2344 1009 2434 Agit
1033 2358 1149 2408 auctor
1169 2337 1209 2412 de
1222 2339 1361 2410 martino·

290 2447 350 2511 nio
370 2446 483 2509 llario
501 2463 576 2507 cum
591 2437 746 2533 Iosepho:
776 2437 816 2506 de
837 2439 942 2508 christi
961 2443 1203 2534 conceptione,
1239 2439 1362 2510 slenlnt·

290 2561 347 2624 te,
374 2543 524 2632 origine,
551 2563 640 2606 anno
666 2537 788 2621 natali,
823 2539 1088 2623 circumcisione,
1116 2537 1291 2636 baptismo,
1311 2561 1361 2606 ten·

290 2643 418 2708 tatione
433 2645 467 2705 in
482 2634 624 2716 deserto,
642 2637 810 2721 doctrina,
840 2637 1021 2726 miraculis,
1043 2659 1166 2710 ¹morte
1196 2661 1286 2736 atque
1309 2635 1361 2704 aliis

291 2736 410 2816 rebus,
437 2753 507 2830 quae
530 2735 571 2803 ad
589 2736 755 2806 historiam
785 2738 870 2809 illius
892 2743 1055 2834 pertinent
1082 2741 1287 2836 eamdemque
1304 2735 1359 2805 ilu-

292 2835 403 2905 strant.
454 2840 537 2901 Non
556 2834 640 2903 male
664 2841 762 2928 igitur
784 2863 866 2932 opus
888 2839 952 2909 hoc
985 2844 1021 2906 iis
1046 2846 1255 2911 monimentis
1280 2837 1359 2906 admi·

292 2937 412 3004 merari
436 2929 604 3028 potuisset,
643 2937 760 3030 quibus
786 2943 853 3006 vita
882 2938 1051 3010 seruatoris
1088 2941 1189 3010 nostri
1210 2940 1360 3035 generatim

294 3055 462 3106 enarratur
476 3057 486 3110 3
511 3055 652 3104 attamen
667 3035 700 3103 id
720 3059 780 3105 ncc
793 3037 858 3107 fine
870 3036 972 3110 caussa
987 3063 1040 3108 tne
1053 3041 1094 3109 ad
1107 3041 1215 3112 locuni
1230 3043 1306 3109 hunc
1323 3059 1362 3103 re·

184 3189 186 3194 -
294 3136 380 3209 ferre
405 3135 571 3217 existimo,
601 3141 759 3232 quoniam
791 3141 959 3210 Grauelon
993 3139 1165 3234 diligenter
1190 3147 1222 3211 in
1243 3143 1361 3209 rationes

272 3241 450 3332 temporis
468 3235 653 3328 inquisruit,
679 3259 747 3332 quo
771 3239 902 3310 chrislus
927 3246 962 3309 in
991 3242 1039 3308 his
1070 3248 1162 3312 terris
1189 3241 1248 3312 fuit
1274 3258 1361 3334 quoue

291 3363 342 3409 res
369 3342 436 3407 eius
453 3356 587 3430 peracta
608 3337 691 3412 sunt.
744 3338 1003 3409 Mulm'tradidit
1028 3365 1100 3410 non
1124 3341 1190 3414 sine
1211 3341 1363 3413 eruditione

289 3461 387 3534 atque
406 3437 559 3514 militaret
585 3443 781 3530 argumentis
803 3464 914 3512 autem
935 3440 1099 3513 interdum
1129 3443 1200 3514 vsus
1226 3443 1283 3524 eil,
1311 3459 1363 3534 qut

289 3536 556 3633 adprobandum
581 3539 660 3606 nihil
682 3539 814 3607 valent:

365 3661 575 3708 connecti
610 3659 834 3708 nterenic1
867 3663 1023 3710 norun
1053 3639 1229 3712 dissertatio
1253 3641 1364 3711 deamo

290 3740 391 3806 natali
406 3735 468 3832 ieju
486 3736 613 3828 christi,
636 3759 689 3837 per
702 3761 862 3807 nurnmum
876 3760 908 3807 et
921 3741 1001 3831 juta
1025 3747 1147 3842 Antr'pa
1165 3743 1365 3838 Heriumque

287 3854 458 3905 ceterorum
479 3837 706 3930 demonstrato,
735 3839 924 3908 Helmlladii
942 3861 1132 3934 MDCQXXI.

371 3960 423 4003 ιο.
456 3962 628 4016 cunrsr,
659 3963 868 4010 rcununtit
902 3939 1075 4034 disputatio
1098 3941 1140 4014 de
1171 3965 1254 4014 anno
1269 3961 1298 4012 et
1328 3933 1366 4009 dit

290 4041 477 4106 natiuitatis
498 4039 627 4132 chrisi,
655 4041 746 4108 Halae
765 4058 954 4113 MDccxxl.
975 4063 1011 4133 4.

360 4138 391 4204 A
413 4139 539 4210 critical
559 4146 776 4210 exunrirtatr'on
799 4139 837 4234 os
853 4137 905 4210 the
936 4140 1005 4236 boly
1017 4141 1132 4242 gosptls
1155 4141 1318 4237 according
1343 4155 1367 4207 tt

1139 4277 1141 4282 ·
1295 4237 1367 4340 sain

277 4469 295 4505 ³*
314 4467 451 4526 memoires
464 4460 495 4520 de
513 4459 642 4520 Treuonx
662 4480 736 4522 uuc
747 4481 855 4524 cxiii.
877 4459 1012 4522 nounnlr.
1030 4483 1058 4542 p.
1071 4483 1156 4544 1951.
1176 4487 1239 4531 am
1253 4466 1367 4530 trudam

305 4582 381 4710 unp
391 4578 496 4625 cxttt.
518 4579 547 4641 p.
557 4576 574 4634 5
579 4575 625 4638 34.
646 4577 727 4656 trtutr
742 4557 896 4637 diiehtrsaal
909 4560 958 4622 der
971 4559 1108 4646 gelelvmt
1123 4565 1203 4642 mele,
1221 4565 1369 4636 velemur,

300 4667 358 4734 Μ
379 4692 389 4717 ·
