3225 5509
197 571 206 582 ’
253 609 303 682 24
439 607 655 690 tcarati.
710 607 985 664 penetraris
1025 587 1194 660 uteros.

259 701 1407 732 *mm-W
1460 703 1473 740 Q

307 754 542 842 brantuncum
553 752 677 828 codicis
696 750 775 826 sacri
789 751 1012 846 chronologia
1025 747 1235 830 conciliandi,
1248 752 1358 840 inepta
1373 771 1427 816 ra·

306 860 354 930 rio
379 852 524 922 adhibita
561 853 616 928 est.
674 852 904 927 Adfirmanrur
923 877 978 932 ea,
1005 865 1076 946 quae
1107 875 1149 924 ne
1167 849 1267 918 vllam
1283 851 1425 920 veritatis

309 953 540 1048 speciemprac
567 951 597 1028 se
614 951 744 1028 ferunt:
778 957 885 1026 immo
913 950 1072 1044 scripturae
1102 951 1258 1024 diuiuiori
1290 957 1454 1042 eiusque

309 1059 498 1130 auctoritati
522 1076 717 1156 repugnant.
774 1057 902 1126 Mirum
926 1057 1101 1145 igitutnon
1117 1051 1178 1132 est,
1197 1047 1428 1122 Marthamum

310 1149 539 1228 adoctrslimis
560 1159 636 1228 viris
669 1150 881 1228 confutatum
913 1147 1024 1238 soille,
1065 1154 1254 1258 inprimisa
1288 1173 1429 1222 iacuit.

317 1278 557 1324 nuntronio
587 1260 623 1324 in
648 1275 889 1350 agpptracarrrm
906 1257 1066 1360 ost'zinum
1095 1271 1127 1324 at
1147 1270 1320 1348 tenrporam
1339 1255 1428 1322 atati-
1461 1267 1464 1272 '

216 1347 221 1362 ’
310 1350 518 1454 qratffimorram
539 1353 793 1450 inaapligationm
808 1362 843 1424 in
858 1377 922 1452 qua
938 1355 1122 1426 Marthama
1139 1353 1336 1446 chronologia
1342 1349 1427 1447 farn·

310 1455 401 1526 ditur
428 1461 599 1540 auertitur,
624 1458 777 1549 Lugduni
808 1459 924 1527 aaran,
949 1471 1114 1528 Muccxl.
1131 1467 1165 1534 8.
1216 1451 1338 1526 salsam
1358 1457 1426 1520 eius

312 1559 508 1647 opinionem
524 1556 565 1626 de
586 1555 789 1649 septuaginta
816 1553 961 1626 Danielis
987 1552 1262 1650 hebdomadibus,
1278 1577 1331 1626 eas
1354 1575 1430 1622 non·

313 1653 356 1726 ad
376 1653 528 1730 christum
552 1654 712 1755 spailarea
738 1652 793 1738 sed
813 1678 889 1726 cum
925 1653 1096 1726 Antiocho
1126 1654 1294 1747 Epiphtne
1324 1649 1428 1736 finiri,
1458 1677 1472 1708 a

312 1758 568 1850 impugnarunt:
617 1781 672 1830 ιο..
702 1777 1021 1830 οιίκιετοιύοκ.
1050 1776 1359 1825 wactusttttvs
1389 1756 1426 1820 in'

312 1851 456 1956 manttffa
484 1861 529 1925 ad
558 1856 620 1926 talo
648 1865 740 1953 ignea
756 1849 877 1952 satana
908 1843 948 1924 'aa
963 1851 1164 1950 siptnoginto
1181 1847 1426 1926 hebdomadibus

296 1957 478 2038 'Danielis,
509 1952 660 2050 aduersas
679 1956 862 2028 Marthami
889 1978 1002 2026 nouam
1028 1951 1209 2024 caroniam
1234 1961 1426 2051 intorpreta-

313 2063 450 2128 tionem:
472 2079 657 2130 caaroee.
683 2055 924 2142 tteatuua*
939 2077 1037 2155 atque
1051 2053 1117 2130 alii.
1176 2059 1264 2128 Ante
1280 2078 1428 2126 canonem

311 2155 492 2230 chronicam
532 2179 783 2230 mantuanus
821 2153 938 2229 edidit:
972 2155 1148 2228 diatribam
1169 2155 1425 2251 chronologicam,

310 2256 457 2332 hundini
471 2275 663 2334 MDCXLIX.
686 2283 722 2348 4.
750 2278 854 2354 eaque
885 2260 921 2326 in
938 2255 1130 2350 principales
1154 2253 1356 2328 difficultates
1376 2263 1428 2327 in·
1452 2271 1457 2280 ’

311 2355 462 2452 quisunt,
501 2381 573 2459 quae
602 2381 679 2430 eum
711 2352 938 2450 chronologia,
969 2361 1084 2428 veteris
1126 2355 1305 2426 testamenti
1344 2381 1455 2446 crin·¹

309 2455 429 2532 iuncrae
446 2455 518 2530 lint.
575 2457 751 2552 Pleraque,
773 2452 820 2530 ibi
838 2456 967 2544 tradita,
989 2455 1101 2556 postea
1126 2458 1163 2528 in
1188 2455 1312 2523 dicrum
1334 2482 1429 2528 cano·

310 2579 382 2628 nent
415 2553 569 2629 translata
595 2555 748 2628 fuerunt:

395 2678 452 2730 to.
482 2679 747 2738 atauuvtuvs,
785 2657 900 2728 itidem
930 2660 1016 2730 inter
1043 2679 1101 2728 eos
1130 2653 1353 2738 referendus,¹
1372 2661 1429 2752 qui

317 2758 354 2832 in
367 2753 572 2854 explananda
590 2779 779 2852 temporum
799 2762 927 2830 ratione
936 2758 1085 2828 codicem
1101 2755 1240 2830 ebraeum
1256 2754 1428 2850 negligunt

316 2879 356 2926 ae
379 2855 523 2937 riuales,
546 2862 795 2957 minus-puros,
834 2854 1009 2928 consociari
1038 2855 1185 2932 malunta
1211 2882 1311 2952 quarn
1341 2855 1425 2951 ipsos
1461 2863 1472 2922 ’.

315 2953 442 3031 fontes.
493 2956 651 3054 Exposuit
669 2958 734 3031 luci
755 2958 909 3054 publica:
937 2959 1166 3052 chronologiam
1193 2965 1313 3032 veteris
1337 2955 1426 3050 talla·

315 3063 436 3141 menti,
466 3060 511 3129 ad
536 3060 698 3154 vulgatam
719 3060 882 3152 oorssoncm
904 3078 1049 3128 exactam
1072 3078 1104 3127 et
1128 3067 1266 3129 nunrmir
1282 3063 1427 3156 antiquit

316 3155 523 3248 illustratam,
545 3158 668 3233 Parisiis
688 3178 874 3232 MDcxctX.
893 3185 928 3248 4.
946 3166 981 3204 **
1001 3182 1101 3254 atque
1119 3182 1157 3231 ea
1182 3185 1316 3259 quoque
1335 3164 1426 3251 inge·

317 3262 413 3330 nium
432 3257 549 3346 suum,
575 3263 693 3354 ineptis
720 3259 935 3353 opinionibus
953 3261 1142 3350 addictum,
1176 3261 1332 3355 prodidit.
1364 3263 1427 3328 Po-

319 3357 381 3428 suit
399 3357 653 3432 fundamentum
683 3359 906 3454 chronologia
928 3359 1040 3442 sacrae,
1075 3366 1216 3432 maxime
1247 3358 1426 3440 ruinosum,

318 3463 548 3532 auctoritatem
573 3459 721 3533 videlicet
742 3458 894 3549 sicjdicrae
918 3460 1072 3533 versionis
1093 3460 1242 3552 vulgatae,
1270 3485 1308 3528 ac
1335 3460 1429 3530 codi-

319 3580 391 3628 cem
423 3558 562 3630 ebraeum
593 3566 713 3636 reiecit.
765 3565 812 3628 Ex
832 3586 972 3631 numero
989 3558 1207 3654 profanorum
1234 3558 1430 3654 scriptorum

319 3677 449 3726 tanturn
469 3660 681 3750 Herodotum
701 3685 739 3730 ac
759 3660 900 3730 Plinium
919 3661 1083 3742 adiunxit,
1111 3685 1174 3730 vna
1190 3687 1264 3730 cum
1284 3665 1427 3730 nummis

318 3756 516 3852 quibusdam
537 3765 698 3858 antiquis,
734 3785 880 3857 quorum
909 3761 1060 3830 constans
1097 3759 1135 3831 stt
1162 3761 1329 3832 consensio
1353 3786 1430 3832 cum

319 3855 449 3928 duobus
469 3858 559 3929 libris
576 3861 861 3951 Maccabaeorum,
886 3862 1073 3956 horumque
1101 3861 1256 3955 suffragio
1271 3867 1370 3934 etiam
1386 3861 1429 3931 ad

319 3981 425 4028 annos
462 3983 576 4053 regum
624 3960 708 4030 ludae
733 3983 832 4057 atque
868 3960 988 4036 israelis
1016 3962 1245 4058 intelligendos
1280 3962 1351 4032 vsus
1374 3963 1429 4032 esi.

317 4058 468 4128 Subsidiis
484 4061 532 4130 his
552 4059 742 4143 instantius,
769 4063 910 4133 contulit
933 4061 963 4134 se
977 4062 1017 4132 ad
1040 4064 1294 4156 chronologiam
1314 4068 1430 4132 veteris

318 4159 500 4233 testamenti
520 4159 677 4257 illamque
707 4161 750 4233 td
770 4161 973 4235 euersionem
1007 4163 1118 4260 templi
1146 4161 1203 4234 sub
1235 4163 1431 4260 Vespafiano

772 4315 775 4322 -
1267 4265 1431 4361 perduxit.

279 4387 468 4404 m
1233 4397 1429 4411 m

303 4445 319 4481 *
339 4442 399 4506 sihr.
413 4464 461 4505 vt.
479 4442 768 4524 obseruationfirrar.
785 4459 840 4522 cap.
853 4465 875 4508 t.
892 4444 968 4525 seqq.
986 4467 1015 4524 p.
1030 4466 1096 4522 ²33·

309 4535 341 4569 ¹³*
363 4547 425 4586 octa
441 4528 575 4589 ertadnor.
598 4550 671 4589 aruc
683 4549 715 4587 c.
733 4538 841 4607 p.180.
878 4549 963 4590 stitit
982 4527 1136 4590 hihliotsnca
1149 4532 1280 4594 librorum
1297 4555 1433 4597 raouortm

348 4629 414 4668 torn.
427 4630 457 4670 v.
475 4631 503 4688 p.
517 4614 586 4681 456.
628 4608 679 4670 Est
701 4631 820 4691 quoquc
840 4609 1009 4694 chronologia
1035 4612 1093 4675 huc
1120 4619 1150 4677 in
1177 4615 1298 4697 oporibus
1319 4623 1380 4683 cius
1389 4621 1433 4700 fi

350 4694 436 4765 letair,
455 4691 740 4777 quaeamstetoduni
760 4715 921 4764 noceat.
941 4695 990 4760 tot
1002 4698 1181 4780 prodierunt,
1199 4719 1307 4781 prta.
