3225 5509
598 642 929 724 reenrornerre.
1271 653 1345 738 εις

319 821 363 894 11.
401 841 528 890 roret
561 841 741 890 crearer
775 823 1049 904 coneilieonenie‚
1071 843 1139 894 tem
1160 819 1346 918 generoliee

241 941 337 1022 quem
352 923 582 1020 particularia,
612 917 651 990 ab
672 919 867 1020 eposiolonem
883 922 1074 1022 temporibus
1091 929 1127 994 in
1151 921 1233 994 bunc
1252 917 1346 1022 osque

240 1027 326 1094 deem
340 1045 360 1091 e
376 1023 495 1112 lenuis
507 1015 655 1119 patribus
682 1023 858 1116 celebrate,
889 1041 921 1094 et
942 1049 1076 1123 quorum
1099 1041 1194 1108 ecte,
1220 1025 1345 1095 ditem

227 1119 413 1205 nemore,
439 1145 481 1190 ex
502 1119 702 1218 anulliffimie
715 1119 913 1195 bibliothecis
928 1122 1037 1195 baberi
1044 1142 1182 1224 potuere,
1194 1123 1346 1196 Colonia

239 1219 533 1300 MDxxxv111.fol.
564 1221 692 1292 duobus
715 1227 839 1307 tomis,
869 1223 1081 1322 amplioribus
1110 1226 1242 1322 quidem
1261 1225 1346 1309 illie,

240 1342 327 1421 quos
348 1341 443 1393 antea
463 1322 622 1393 Merlinus
645 1323 806 1403 ediderata
835 1331 881 1397 rei
904 1349 1013 1398 aurem
1033 1324 1184 1398 nondum
1204 1322 1279 1398 satis
1296 1323 1345 1398 se·

229 1417 336 1507 cille,
355 1447 459 1518 quum
487 1447 689 1514 creausus
719 1423 775 1496 sebi
791 1426 966 1520 videretur,
989 1447 1134 1522 coeptum
1153 1451 1236 1524 opus
1254 1427 1344 1498 auxit

238 1523 340 1619 idque
358 1527 394 1594 in
413 1522 792 1602 lucememistColoniae
808 1545 916 1603 MDLI.
931 1523 997 1600 sol.
1017 1525 1117 1598 tribus
1129 1531 1239 1604 tomis.
1291 1529 1346 1598 ln-

238 1621 396 1694 dustriam
412 1623 565 1719 quidem3
590 1647 660 1694 non
675 1625 829 1697 omnibus
850 1649 959 1698 autem
981 1625 1078 1697 fidem
1098 1624 1269 1722 probauit,
1295 1624 1345 1698 se-
1369 1609 1377 1626 ’

286 1743 307 1806 e
328 1729 469 1793 omnino
485 1721 662 1821 suspectum
683 1727 839 1822 praebuit,
871 1751 975 1824 quum
996 1727 1122 1800 nullam
1145 1723 1275 1797 concilii
1291 1729 1346 1822 pi.

238 1741 535 1896 selii'menoonem
551 1825 650 1910 fecit,
676 1850 747 1896 non
769 1827 867 1897 aliam
891 1827 936 1897 ob
956 1823 1114 1914 caussam,
1132 1849 1234 1922 quam
1252 1825 1346 1928 quod

239 1921 320 1996 illud
344 1929 529 1996 auctoritati
548 1925 713 2020 pontilicis
741 1931 870 1997 romani
887 1926 1066 2010 aduersari,
1088 1925 1208 1998 sciebat
1223 1933 1262 1997 e*

314 2027 607 2096 Ill.1.nvnaur11
623 2051 730 2096 svnrr
746 2028 875 2099 coneilio
889 2035 1081 2110 omniorum
1089 2029 1344 2124 generalitatem

231 2127 445 2228 proundelie
459 2143 554 2226 arque
560 2129 789 2224 particularia,
811 2134 959 2228 quoiam
978 2127 1052 2196 inde
1074 2125 1113 2198 eb
1138 2127 1274 2225 apostolis
1286 2123 1342 2224 ’νβ

262 2249 302 2296 eee
324 2232 360 2293 in
371 2222 501 2324 presens
519 2224 645 2308 habite,
659 2223 795 2298 obtineri
810 2245 994 2326 potuerunt,
1006 2226 1156 2297 Colonia
1166 2245 1343 2305 MDLXVII.
1455 2291 1459 2296 .

236 2249 302 2400 sol.
313 2347 455 2424 quatuor
474 2331 586 2400 tomis.
636 2327 743 2398 Multa
760 2328 835 2398 loca
850 2333 877 2399 is
897 2327 1083 2400 e'mendauit
1109 2351 1147 2397 ex
1173 2325 1343 2397 codicibus

236 2425 467 2518 manuscriptis
485 2452 523 2497 ac
542 2425 691 2522 plurimis
711 2433 948 2515 monimentis,
974 2453 1044 2523 quae
1060 2428 1139 2497 inid
1151 2425 1248 2524 vsque
1260 2447 1344 2497 tern-

234 2551 303 2626 pus
321 2523 495 2598 desiderata
514 2525 662 2608 fuerant,
683 2527 903 2599 conciliorum
917 2525 1101 2599 thesaurum
1120 2525 1344 2622 locupletauir.

235 2631 399 2700 Attamen
436 2631 473 2698 in
505 2627 696 2721 euolgandis
729 2627 877 2698 conciliis
908 2651 980 2699 non
1019 2625 1163 2698 debitam
1194 2625 1344 2698 adhibuit
1387 2648 1389 2654 ·

234 2721 409 2800 nomeu
1022 2739 1027 2750 '

290 2817 366 2897 ¹IV.¹
390 2821 530 2896 Concilio
550 2825 680 2916 omnio,
703 2844 771 2898 tem
793 2827 979 2926 gmeroliae
1000 2827 1098 2930 ¹qoem
1119 2825 1345 2926 provincialia,

234 2919 588 3000 veneriisiemxxxv.
602 2925 664 3004 fol,
690 2931 971 3026 quinqueremis,
991 2927 1138 3025 auspiciis
1153 2931 1231 2996 Sixti
1248 2931 1288 3003 V.
1305 2951 1345 2997 ex

232 3029 410 3100 Dominici
426 3023 575 3096 Nicoliui
596 3025 750 3112 officina,
788 3029 845 3099 vbi
873 3030 981 3102 multae
1009 3019 1204 3102 accessiones
1228 3047 1346 3098 eorum

235 3131 524 3200 monimentorum
541 3123 744 3213 factasunt,
777 3153 849 3226 quae
871 3135 908 3200 in
936 3127 1099 3225 prioribus
1124 3125 1345 3198 conciliorum

238 3231 344 3300 tomis
364 3225 494 3297 fuerant
522 3221 655 3301 omissa:

319 3331 361 3397 V.
389 3348 589 3396 srvrnrur
623 3351 743 3396 neure
767 3325 901 3396 eoncilia
906 3323 1071 3420 generalia
1086 3325 1347 3423 etproeeinciolie,

319 3443 396 3528 quot
409 3431 547 3524 reperiri
565 3444 756 3524 potuerunt,
778 3449 924 3522 quorum
945 3445 1008 3494 tres
1033 3423 1155 3493 exstant
1174 3424 1347 3502 editiones.

267 3531 353 3600 rima
369 3526 475 3597 lucem
493 3525 635 3620 adspexit
661 3527 812 3597 Coloniae
836 3523 1045 3602 nlncvnsol.
1068 3543 1211 3617 quatuor
1237 3530 1349 3608 tomis,
1368 3613 1371 3620 Ι

239 3651 389 3728 quorum
405 3631 516 3699 tertius
540 3631 577 3697 in
595 3627 662 3697 duo
681 3625 851 3698 volumina
873 3622 991 3697 diuisus
1006 3624 1050 3696 est
1062 3645 1100 3692 ac
1121 3627 1233 3694 Binius
1249 3645 1347 3695 notas

759 3723 844 3798 rff
871 3750 889 3818 ς
1203 3723 1347 3798 aeone:

227 3873 1348 3896 μ--ῄ--ῌῂ

227 3950 245 3994 *
266 3945 338 4010 vide·
357 3945 498 4011 rrr'rou
519 3967 671 4012 eruentem
687 3948 720 4010 de
733 3947 895 4011 bibliothecis
911 3967 939 4008 ee
955 3952 1055 4010 cetenis
1069 3962 1182 4026 peterent
1196 3961 1226 4026 p.
1238 3963 1306 4022 ²⁰4·

230 4077 271 4122 *⁸
288 4073 409 4136 conset:
427 4059 649 4134 ‘tetecum
669 4076 945 4139 commentationem
968 4071 1005 4133 de
1030 4071 1180 4131 berociniie
1199 4064 1349 4150 ponefitio·

261 4177 340 4230 ruet,
362 4161 391 4215 in
407 4155 530 4230 coneilio,
549 4174 673 4227 conones,
695 4173 786 4232 patret
803 4177 831 4216 ee
847 4159 913 4218 alios
936 4155 1085 4236 firiptoree
1096 4151 1214 4232 publicos
1228 4152 1348 4222 commis·

252 4239 307 4320 ste.
346 4243 415 4321 Quo
428 4239 562 4300 modoet
585 4239 635 4297 alii
656 4235 801 4316 pontificis
820 4241 932 4301 romani
956 4238 1142 4299 adsectatores
1164 4233 1291 4294 debitam
1313 4230 1348 4292 fi.

263 4323 333 4386 dem
342 4323 371 4382 in
380 4321 552 4405 euolgandis
562 4339 648 4399 aeque
657 4317 829 4382 illustrandis
838 4323 972 4384 conciliIs
981 4323 1124 4390 violarint,
1137 4313 1346 4381 monstrarunt:

267 4413 447 4468 educeres
466 4407 558 4474 libro,
577 4406 659 4463 cuius
676 4405 775 4466 titulus
793 4404 849 4465 ell:
868 4406 906 4482 of
916 4405 961 4464 ebe
980 4407 1138 4482 corruption
1158 4398 1346 4477 obstrepente,

265 4488 381 4554 eoeeoeels
399 4487 454 4549 aeid
463 4487 578 4566 sorbers
597 4485 630 4565 by
649 4485 693 4546 tbe
720 4488 819 4548 cboeeb
841 4489 880 4568 os
895 4489 996 4552 Rome,
1022 4482 1149 4546 Londini
1172 4501 1347 4555 noem.

271 4592 347 4634 con
359 4592 460 4632 orave
483 4573 515 4631 iu
533 4568 680 4645 fraudibus
694 4577 831 4645 romanis,
849 4579 877 4631 io
896 4573 1010 4630 editione
1035 4565 1207 4627 conciliorum
1223 4567 1349 4640 peiorum

262 4675 386 4738 quotuor
400 4653 553 4730 seculorum
571 4647 718 4733 coneniffie,
743 4673 808 4736 qua
833 4651 963 4715 sermone
996 4651 1152 4736 anglicano
1177 4645 1348 4726 prodierunt

262 4735 396 4802 Londini
414 4757 647 4802 uoeexxnrx.
666 4741 696 4811 4,
