3225 5509
652 420 685 442 ..
708 420 870 451 mmm,
892 420 935 437 e.
962 420 1002 438 „.
1027 420 1104 438 ...w
1331 420 1409 450 a..

652 468 773 540 librum
791 468 880 536 hunc
903 420 1045 537 minime
1067 469 1179 541 vtilem
1201 431 1372 568 redditum,

653 592 725 663 quae
746 572 782 636 in
804 590 846 639 eo
865 568 1163 662 reprehenduntur,
1194 592 1299 668 atque
1322 579 1409 650 inni

652 668 805 740 danicam
826 670 993 763 iniquior:
1025 673 1163 738 nimium
1187 675 1224 740 in
1240 678 1409 751 miraculis

652 770 769 838 trionis
804 767 1029 862 apostolorum
1062 768 1277 864 explodendis
1317 777 1409 852 studit

652 870 788 939 audatia
804 871 841 936 in
861 866 1020 938 turbanda
1041 867 1209 964 praesulum
1228 873 1409 975 hamburgt

652 973 721 1068 Qti
741 967 958 1064 prodierunt,
979 969 1115 1038 historia
1138 971 1236 1042 huius
1259 973 1338 1048 libri
1367 1008 1409 1077 qu

651 1069 837 1166 plectuntur
856 1093 905 1138 res
922 1067 1143 1140 ecclefiasticas
1157 1093 1306 1168 quatuor
1325 1077 1409 1152 secui

651 1174 716 1260 mi,
742 1169 905 1240 undecimi
932 1191 970 1237 ac
1000 1168 1205 1254 duodecimi;
1240 1176 1364 1276 reliqui
1387 1207 1409 1252 at

650 1270 844 1365 posteriores
862 1269 902 1338 de
918 1273 975 1352 iis,
1011 1295 1082 1367 quae
1106 1271 1194 1365 gesta
1216 1268 1294 1348 sunt
1318 1278 1409 1378 sequt

650 1369 748 1452 culis,
773 1370 903 1439 decimo
921 1373 1038 1454 tertio,
1065 1392 1203 1468 quarto,
1227 1379 1355 1470 quinto
1370 1407 1409 1454 at

650 1469 872 1563 adspexerunt.
900 1469 939 1513 *⁴³
985 1470 1075 1541 Idem
1096 1495 1347 1550 nataturus
1380 1508 1409 1556 et

647 1576 696 1656 tii
720 1576 822 1638 vitam
837 1575 1017 1661 geminam:
1036 1571 1171 1644 alteram
1187 1597 1206 1643 a
1221 1577 1409 1655 Remberto

648 1668 738 1738 done
780 1673 1036 1763 concinnatam,
1067 1693 1105 1739 ac
1141 1693 1257 1768 prater
1284 1683 1409 1758 Lambt

648 1787 746 1862 atque
760 1786 908 1866 excerpta
920 1768 1156 1867 chronologica,
1179 1777 1409 1874 interpretatio

646 1872 695 1964 pti
724 1867 891 1938 Remberti
924 1868 1068 1956 adiecit,
1103 1897 1203 1965 quam
1229 1901 1247 1946 a
1273 1883 1409 1957 Nicola.

648 1965 761 2064 piensr,
773 1965 880 2038 setuio
895 1992 1013 2066 quarto
1025 1995 1063 2040 ac
1076 1971 1205 2046 decimo
1219 1979 1409 2083 conscripta

645 2073 718 2140 tniae
746 2085 970 2145 Muctxxvu.
990 2093 1026 2166 4.
1045 2074 1110 2120 **⁴‘

669 2245 672 2252 ·
731 2235 881 2283 rnconr
914 2236 1174 2289 nannruott
1200 2217 1409 2302 diss‘ertatiot

642 2310 770 2411 ligionit
801 2311 975 2405 christiana
1006 2321 1043 2386 itt
1066 2339 1162 2415 rtgttt
1178 2318 1255 2418 stttrt
1269 2369 1289 2390 .
1298 2333 1409 2428 gom]

637 2431 882 2490 MDCLXXXIX.

722 2576 777 2623 10.
814 2576 994 2626 ouonorr
1031 2582 1269 2639 nutriretur
1296 2581 1409 2652 oratio

639 2657 789 2723 tutationis
799 2655 920 2752 ectiefiae
928 2654 1076 2754 suecica,
1090 2665 1305 2764 vitembergae
1319 2694 1409 2758 Mne
