3225 5509
1289 420 1623 490 onrokocs
1666 420 1819 484 dicti
1835 461 1858 496 ‚
1924 431 2194 510 antfqua
2223 418 2709 504 Hungarorum
2760 433 2818 480 r«

1291 543 1379 590 na
1423 536 1488 588 et
1523 516 1852 604 catholica,
1880 509 2259 610 temporibus
2271 511 2489 605 sancti
2524 509 2818 610 Stephon

1288 625 1399 720 gis
1439 613 1764 709 christiam·
1780 629 1802 706 2,
1855 610 1933 684 ab
1965 612 2101 710 ipfis
2114 608 2393 709 sufitepta
2418 663 2435 691 ,
2504 615 2813 704 Tyrnaui

1355 743 1400 788 A
1417 741 1468 786 N
1486 739 1643 784 our
1661 739 1759 783 Ml
1820 710 2070 806 historia
2101 711 2505 802 diplomatica
2546 717 2631 782 de
2660 709 2818 806 stati

1300 817 1432 890 lica
1463 821 1533 885 in
1572 818 1954 910 Hungaria,
2006 810 2134 880 sine
2164 811 2318 880 loco
2364 831 2681 888 MDCCX.
2722 810 2818 882 fo]

1307 943 1478 1015 opus
1518 921 1590 986 in
1634 937 1757 984 tres
1802 913 2108 1009 periodos
2159 909 2436 980 diuisum
2477 911 2574 982 est
2654 919 2663 948 ’
2702 916 2818 982 Ea]

1303 1041 1414 1090 tur
1446 1017 1526 1087 de
1561 1015 1893 1109 religionis
1939 1009 2322 1105 euangelicae
2368 1015 2441 1079 in
2490 1017 2815 1105 Hungari

1303 1122 1640 1188 continuis
1721 1111 2321 1209 persequutionibus
2397 1115 2818 1182 incremento

1300 1219 1566 1316 publica
1599 1211 1891 1286 libertate
1935 1235 1998 1283 et
2034 1211 2287 1283 summo
2336 1212 2696 1282 {ecuritatis
2754 1213 2818 1282 sc

1300 1317 1762 1396 ficationibus,
1811 1313 2092 1383 articulis
2133 1336 2196 1382 et
2232 1310 2479 1406 legibus
2536 1317 2731 1407 regni
2776 1339 2813 1382 c

1302 1425 1404 1489 tia
1437 1418 1516 1486 de
1564 1416 1873 1484 libertatis
1923 1435 1985 1482 et
2029 1412 2373 1483 securitatis
2418 1412 2591 1480 illius
2654 1414 2818 1484 decr

1305 1517 1395 1588 de
1423 1521 1557 1584 eius
1603 1533 1829 1608 aperto
1857 1533 1919 1582 et
1965 1513 2137 1582 duris
2187 1511 2809 1608 persequutionibus

1305 1611 1605 1684 adductis
1642 1637 1763 1708 pro
1801 1610 2238 1681 fundamento
2296 1614 2687 1682 authenticis
2752 1613 2818 1684 di

1310 1711 1434 1784 bus
1471 1717 1651 1806 regni
1678 1760 1698 1794 ‚
1744 1711 2016 1807 publicis
2058 1710 2327 1779 decretis
2384 1711 2818 1811 rescriptisqui

1307 1817 1656 1884 cationum
1702 1811 2175 1895 instrumentis,
2229 1812 2505 1881 historia:
2544 1811 2813 1910 ipsimet

1305 1915 1508 2010 tegi-is
1549 1916 1976 1982 comitiorum
2021 1915 2227 2006 actis,
2282 1934 2603 2007 quantum
2658 1916 2745 1984 ad
2808 1941 2818 1986 1

1303 2016 1583 2097 adtinet,
1627 2011 1853 2082 libellis
1884 2011 2270 2108 supplicibus
2306 2034 2370 2082 et
2400 2014 2818 2086 memorialib

1306 2121 1420 2188 riae
1465 2119 1734 2210 eiusque
1768 2113 2068 2182 m³nistris
2124 2110 2487 2205 exhibitis.‚·
2518 2113 2795 2185 decretis

1306 2221 1385 2288 in
1409 2213 1767 2312 adpendice
1782 2212 1897 2283 suo
1932 2213 2162 2282 ordine
2192 2233 2255 2284 et
2284 2216 2460 2281 iuxta
2491 2211 2723 2286 seriem
2760 2235 2818 2286 te

1456 2340 1499 2387 a
1515 2335 1568 2386 n
1585 2341 1629 2384 o
1648 2339 1697 2384 u
1716 2337 1757 2384 Y
1774 2337 1831 2383 M
1852 2339 1875 2383 ι
1930 2311 2185 2406 historia
2232 2313 2471 2405 ecclefiae
2520 2315 2818 2408 refhrmai

1310 2411 1772 2512 Tranffirluania
1799 2462 1821 2498 ‚
1874 2420 2046 2484 inter
2072 2431 2370 2514 perpetua
2400 2423 2760 2489 certamina
2796 2445 2818 2488 ε

1301 2520 1576 2589 mov-diis
1606 2521 1904 2615 praecipue
1939 2533 2427 2614 repurgatorum
2447 2517 2793 2610 sacrorum

1296 2637 1454 2720 pora
1489 2636 1605 2716 per
1635 2615 1740 2685 dei
1774 2618 2067 2711 gratiam
2108 2611 2467 2708 conseruata
2491 2664 2511 2698 ,
2550 2619 2729 2688 edita
2790 2644 2818 2687 a

1295 2723 1568 2772 'Isto-unia-
1595 2721 1869 2771 Traiecti
1896 2717 1973 2770 :ul
1994 2722 2037 2770 'R
2053 2719 2289 2770 bonnm
2308 2734 2775 2769 ΜΠΡΓΥνυτΠ
