3225 5509
225 653 302 760 54'4
448 667 539 750 tte.
567 617 730 748 tresue
759 607 963 710 ao'urert't
992 607 1193 738 smil)...
1229 729 1241 738 Ι.

250 755 1256 800 ,............---—-—--——--

234 799 306 903 alia
329 823 382 896 vei
403 817 450 896 ad
466 817 616 904 omnia-3
641 813 704 891 vei
729 810 775 888 ad
791 805 967 910 quaedam
1000 801 1173 916 dogmata
1202 793 1253 895 spe

236 925 309 1002 alia
324 941 448 998 autern
470 919 516 995 ad
534 917 718 1019 singulare
747 909 922 990 doetrinae
942 903 1141 984 ehsuuanae
1155 917 1254 1000 caput

236 1021 526 1124 illapertinent:
1068 1077 1073 1088 .

366 1161 580 1214 micuere.
611 1160 813 1212 nunnoni
841 1121 1256 1228 theologiecbrrflione,soet

283 1233 1256 1440 illtitiliiii‘iwil‘iili²,

285 1449 352 1516 telis
368 1441 576 1534 illullrotott
592 1441 739 1540 exposta,
764 1437 876 1536 Lipsiae
907 1453 1057 1512 MDxcv.
1079 1455 1117 1524 4.
1148 1432 1256 1530 posta

286 1543 417 1614 obitum
435 1565 514 1612 cura
538 1539 683 1628 filiorum
699 1547 785 1620 eius,
817 1541 945 1609 lomlr
969 1557 1002 1606 et
1023 1533 1193 1606 Michaelis
1224 1537 1256 1606 Νι

286 1667 365 1714 eum
386 1639 579 1738 praefatione
602 1641 736 1714 Antonii
761 1635 858 1712 Probi
885 1636 995 1720 edita,
1029 1655 1150 1732 opus,
1185 1637 1256 1706 iist

285 1741 391 1822 utile.
414 1747 472 1840 qui
490 1765 621 1838 patrum
644 1739 743 1812 effata
770 1739 812 1813 dt
841 1736 999 1834 capitibus
1028 1735 1186 1806 doctrinae
1214 1735 1256 1806 tiu

285 1839 534 1938 serie-cupiunt.
584 1842 691 1916 Exstat
708 1841 854 1914 eiusdem
882 1859 1088 1908 urrunnu
1113 1835 1256 1937 tirobglt

285 1941 396 2014 londri
416 1944 562 2026 botheri,
578 1945 632 2012 cui
650 1941 760 2012 addita
778 1940 844 2012 est:
880 1935 1034 2030 theologia
1055 1937 1256 2008 Bernhardit

284 2043 367 2128 leri,
393 2042 606 2140 vitembergae
619 2059 828 2116 MDLXXXIV.
843 2055 878 2128 8.
906 2035 962 2107 vbi
980 2059 1092 2108 tamen
1118 2035 1256 2110 ordiuen

285 2167 360 2214 rum
374 2141 640 2236 theologicorum
657 2146 766 2214 minue
787 2139 958 2238 sequitur:

363 2303 568 2356 oronestr
617 2305 786 2384 turturi
833 2279 985 2376 dogmata
1017 2277 1256 2380 theologice‚t

266 2405 351 2472 ¹tres
371 2388 495 2478 priores
510 2386 593 2454 tomi
611 2382 720 2454 iucem
745 2379 958 2477 adspexerunt
973 2380 1098 2454 Parifiis
1119 2397 1256 2468 MDcxb'

286 2507 420 2580 quartus
440 2505 576 2572 autem,
601 2486 638 2554 in
656 2482 737 2554 duae
760 2503 867 2578 partes
887 2479 1024 2564 diuisus,
1048 2479 1178 2552 ibidem
1197 2497 1256 2564 nent

285 2584 634 2676 Editionehacprima
651 2584 822 2654 meliorare
843 2581 1045 2677 praestantior
1065 2581 1112 2652 est
1132 2577 1256 2652 locuni

285 2687 490 2776 Antuerpiae;
518 2681 583 2752 fiue
597 2688 706 2777 potius
725 2683 961 2753 Amstelodami
983 2701 1107 2756 MDCC.
1131 2679 1196 2752 fol.
1225 2679 1256 2752 st

286 2781 427 2876 prodiit,
459 2803 531 2850 non
545 2781 864 2876 solunhpraefattone
896 2779 1056 2881 Theophili
1081 2784 1244 2858 Alethim'·

286 2887 330 2952 lo.
356 2882 492 2964 Clerici,
522 2881 731 2978 eiusdemque
744 2881 946 2954 breuioribus
961 2887 1049 2952 notis
1061 2907 1183 2954 ornata
1196 2910 1205 2962 ς
1222 2879 1254 2952 se

282 2980 484 3076 locupletata
519 3005 681 3053 erravit
706 2982 792 3053 libro
812 2983 852 3055 de
863 2983 1038 3055 tridentini
1058 2987 1188 3054 concilii
1199 2991 1256 3056 inte

283 3093 391 3153 tione:
421 3081 511 3152 libris
540 3086 581 3157 11.
608 3078 854 3179 dissertationum
879 3082 1160 3176 ecclesiasticorum:
1184 3087 1256 3155 dian

301 3181 422 3268 oteslm
439 3183 660 3277 consecrandi:
683 3184 772 3255 libris
791 3190 869 3254 VIII.
885 3186 925 3255 de
935 3190 1119 3283 ponitentiae
1132 3183 1256 3283 publico

277 3203 350 3354 iac
370 3283 470 3353 edisio
491 3281 603 3352 litteris
618 3288 737 3355 iterum
757 3284 913 3381 descripta
928 3286 971 3354 est
989 3286 1159 3356 Florentiae
1184 3303 1256 3362 MD(

282 3381 345 3458 fol.
361 3384 476 3454 itidem
499 3381 551 3454 sex
581 3391 692 3456 tomis.
750 3390 834 3455 Non
853 3391 984 3464 omnia;
1009 3386 1061 3457 sed
1083 3389 1236 3481 qondam

281 3485 439 3579 dogmata
468 3488 616 3554 Petauius
643 3493 880 3579 pertractauit:
960 3496 1022 3558 imo
1044 3492 1204 3558 nimirum
1227 3511 1256 3556 tn

285 3588 348 3656 deo
371 3609 438 3655 vno
458 3588 591 3681 eiusque
606 3587 875 3682 proprietatibus:
901 3507 1033 3682 dsuodo
1056 3587 1096 3660 de
1114 3583 1256 3659 sanctiffir

240 3711 243 3716 ·
284 3690 406 3756 nitate:
442 3689 541 3757 tertio
557 3684 598 3757 de
614 3686 736 3782 angelis
759 3713 796 3757 ac
817 3689 930 3758 mundi
949 3687 1108 3785 opificio:
1132 3705 1246 3786 quarto

284 3787 411 3856 tarchia
432 3785 659 3874 ecclefitstica,
694 3788 734 3859 de
762 3789 919 3885 potestate
947 3791 1158 3860 consecrandi
1185 3788 1256 3883 dtqe

283 3889 420 3958 nitentia
436 3887 566 3982 publiea
586 3909 619 3960 et
634 3894 871 3986 praeparatione
887 3891 928 3960 ad
945 3895 1237 3960 communionem:

283 3981 420 4078 acstxto
433 3987 475 4062 de
488 3995 715 4064 incarnatione
738 3989 839 4063 verbi.
888 3996 957 4070 Ita,
983 3991 1076 4086 quod
1089 3989 1256 4083 susceperat

231 4151 234 4156 .
282 4083 370 4153 haud
390 4090 433 4160 ad
457 4090 557 4162 finem
571 4090 730 4184 perduxit.
780 4095 887 4160 Partes
910 4091 1017 4184 illius,
1037 4116 1108 4186 quae
1120 4095 1155 4159 in
1172 4088 1256 4158 lucet

282 4205 381 4274 runt,
406 4187 596 4282 singularem
613 4193 854 4276 eruditionem,
883 4195 1115 4287 antiquitatum
1136 4186 1255 4284 praestat

282 4286 390 4360 titiam
414 4309 511 4384 atque
536 4292 723 4362 industriam
756 4291 940 4362 monstrant
982 4317 1020 4361 ac
1054 4290 1240 4386 praclarum

283 4387 472 4486 perutilium
492 4387 682 4482 adparatum
708 4391 871 4462 exhibent.
935 4390 1107 4488 Quidquid
1138 4394 1172 4460 in
1195 4409 1256 4458 mor

285 4495 326 4560 tis
353 4511 510 4583 patrum,
541 4485 733 4582 scriptorum
757 4491 1069 4582 ecebfiastimmrn,
1100 4485 1255 4561 scholastit

283 4590 421 4686 dignum
431 4641 443 4686 ,
464 4588 554 4688 quod
571 4611 703 4712 notetur
709 4643 721 4680 ,
738 4589 778 4674 de
799 4591 1007 4688 dogmatibus
1024 4581 1256 4756 theologicisst‘p
