3225 5509
350 571 420 648 142
556 575 644 623 err.
681 573 761 627 vrr.
792 575 844 623 ori
883 569 1096 628 serroru-
1120 575 1291 630 rrrsroe.

367 663 1309 700 υ-ι-ι-ι--ὶ-*η--ι-ι

475 755 616 806 envers
659 756 843 804 rsnssrr
876 755 1111 812 rusiorum
1141 735 1309 832 institoria

395 834 565 924 christiane
593 839 807 933 antiquioris,
842 857 862 901 a
891 835 996 927 prima
1021 859 1134 906 retum
1157 837 1309 908 christian

397 957 429 1010 te
448 936 490 1006 ed
502 932 644 1005 seculum
673 940 827 1030 quintum
845 955 883 1002 ac
900 932 1075 1020 decimum,
1099 937 1306 1010 francofurti·

402 1055 586 1112 MDcculv.
611 1031 678 1118 8.*
726 1038 778 1103 De
817 1033 1016 1128 Spanhetnio
1036 1057 1139 1132 atque
1157 1039 1231 1107 aliis
1251 1037 1309 1136 lupi

382 1159 500 1231 ,quum
518 1134 688 1232 scriptores
712 1134 849 1218 historie
873 1133 1085 1208 ecclefialiicae
1110 1137 1309 1237 vuiusquefi

397 1234 516 1313 censui.

868 1378 899 1453 ς.
950 1369 999 1442 V.

453 1502 670 1600 Sequuntur
683 1497 865 1597 pontificii,
887 1497 1010 1601 quiin
1032 1498 1105 1577 hoc
1125 1501 1309 1586 litterarum

251 1595 264 1602 ”
343 1599 514 1704 ingenia'
534 1600 598 1677 sua
627 1620 872 1676 exercuerunt
904 1626 945 1676 ac
973 1601 1207 1681 monimenta
1238 1607 1277 1686 in

373 1699 600 1780 roduxerunt
624 1701 764 1784 lucem,
795 1698 841 1773 ad
865 1698 904 1774 id
924 1699 1139 1801 compofita,
1162 1730 1205 1784 vt
1222 1709 1309 1800 studi

344 1800 556 1880 inciuitate
589 1799 685 1874 sacra
707 1800 906 1900 gestarumi
935 1798 1165 1883 adiuuarent.
1228 1811 1309 1914 Lege

342 1901 427 1982 sunt
448 1927 532 1977 curn
562 1898 726 1985 iudicio;
768 1926 837 1976 nec
864 1900 1055 1990 omnibus,
1087 1929 1169 2006 quse
1208 1907 1260 1986 ibi
1282 1937 1309 1990 ur

342 2001 434 2082 fides
451 2000 619 2079 habenda
639 2002 700 2077 est.
757 2002 862 2076 Veris
881 2000 979 2078 enim
999 2003 1090 2104 litpe
1113 2011 1230 2086 multa
1256 2011 1309 2092 ful

256 2131 267 2152 ··
340 2105 512 2191 scentur,
546 2099 593 2179 de
623 2100 995 2201 sanctis,miraculis,
1023 2104 1128 2206 igne,
1147 2111 1309 2208 quianin

341 2228 494 2284 mortem
512 2227 665 2305 purget,
692 2225 802 2379 argue
825 2203 894 2282 alia
922 2203 1107 2280 eiusmodi
1125 2232 1309 2292 commenta

341 2307 412 2384 bus
463 2328 731 2381 commemorari
760 2305 789 2377 is
818 2303 842 2376 fi
872 2327 907 2380 et
940 2303 1024 2404 quis
1056 2306 1157 2385 inter
1191 2311 1309 2390 illost

341 2407 442 2482 varia
465 2424 586 2481 tamen
607 2404 759 2479 historiar
781 2402 894 2496 huius
927 2404 1070 2503 capita,
1096 2431 1219 2513 eaque
1243 2439 1309 2518 meg

338 2504 467 2601 menti,
495 2528 610 2601 quum
625 2504 686 2578 illo
708 2504 814 2579 curiae
829 2528 870 2580 ac
897 2504 1070 2581 doctrine
1091 2534 1253 2590 romanie
1285 2515 1309 2592 u'

341 2630 413 2702 tur,
449 2603 618 2701 peruerse
661 2603 766 2678 tradit
808 2630 848 2679 ac
890 2605 1051 2682 studium
1100 2612 1309 2707 partiumr

341 2703 492 2809 quando
523 2702 688 2814 pontifici
727 2728 878 2777 romano
909 2707 944 2780 se
984 2711 1309 2796 commendarent¹

341 2801 444 2908 quod
477 2801 540 2876 vbi
575 2803 738 2879 animum
769 2802 891 2878 minus
925 2805 1172 2901 adnexuimus,
1200 2813 1309 2998 fare}

338 2903 445 2986 fuisse
474 2901 569 2977 inter
599 2905 784 3003 scriptores
810 2901 902 3001 hos,
937 2909 1003 3006 qui
1024 2912 1218 3014 egregiam
1243 2943 1264 3000 e

206 3049 232 3090 ι
339 3028 449 3111 atque
472 3002 686 3080 industriam
723 3004 1013 3106 comprobarent.

461 3143 548 3238 Inter
561 3135 749 3233 pontificios
766 3163 914 3211 auctores
941 3145 1078 3216 histotiae
1101 3150 1309 3230 ecclesiastiea

386 3239 532 3310 lismenti
546 3242 725 3334 principem
740 3239 851 3311 locum
877 3243 1021 3314 obtinuit
1074 3271 1235 3325 crosna
1267 3281 1309 3332 se

284 3363 288 3371 ¹
386 3365 424 3409 ex
446 3365 514 3436 quo
533 3340 658 3409 annales
683 3345 749 3411 eius
774 3342 956 3435 ecclcssrssr'ci
977 3352 1011 3416 in
1033 3345 1141 3418 lucem
1166 3359 1309 3434 exierunt

272 3471 277 3486 =
383 3466 455 3514 rem
482 3441 568 3510 hunc
593 3438 898 3535 suscepit‚incitatus
929 3470 948 3513 a
972 3445 1120 3543 Philippo
1140 3450 1201 3522 illo
1223 3460 1309 3530 Nerir

318 3605 323 3617 ,
360 3563 523 3609 romans
557 3539 684 3610 ecclefia
709 3546 793 3612 inter
827 3543 954 3614 sanctos
983 3546 1114 3623 colitur.
1167 3559 1287 3653 Qun,

385 3645 673 3732 congregationem
688 3647 867 3728 marotiam
886 3645 1062 3717 instituill'et
1084 3669 1183 3744 atque
1199 3662 1309 3730 interr

384 3760 416 3807 et
432 3739 517 3807 hanc
539 3736 684 3821 dedillet,
709 3768 743 3812 vt
766 3742 894 3835 fingulis
923 3745 1035 3816 diebus
1060 3774 1205 3844 quotuor
1222 3757 1265 3827 de
1284 3783 1309 3830 n

335 3901 337 3906 .
381 3843 431 3907 nis
447 3837 544 3908 verba
566 3836 731 3918 facerent3
767 3868 849 3911 vnus
879 3866 986 3916 autern
1006 3845 1138 3918 illorum
1159 3849 1309 3932 historia}

380 3930 511 4008 alli'cam
541 3937 744 4032 explanaret,
761 3941 833 4025 ,haec
855 3949 1024 4039 prouincia
1052 3953 1199 4022 Boronio
1220 3947 1309 4030 na'clir

379 4035 476 4109 lullus
496 4034 580 4119 fuit,
606 4035 806 4132 diligentiam
834 4043 925 4115 suam
953 4045 994 4116 ad
1014 4048 1183 4122 haereticos
1212 4055 1309 4144 refelle

379 4163 443 4234 que
476 4141 624 4232 inprimis
672 4140 713 4210 ad
743 4150 902 4214 centurias
934 4147 1226 4244 magdeburgenses
1259 4183 1309 4242 eor

379 4238 542 4314 adhibere.
591 4233 759 4314 Voluntati
790 4241 866 4312 huic
889 4250 1046 4316 Batonius
1075 4252 1205 4332 restitits
1237 4281 1298 4330 nec

378 4337 565 4421 satisfecit,
587 4364 692 4438 ¹quarn
711 4365 802 4424 voce,
823 4367 880 4442 per
903 4345 1068 4418 somnium
1101 4354 1233 4442 audita,
1261 4365 1309 4436 im

643 4469 666 4508 Ι,
696 4473 701 4492 s
719 4507 721 4512 Ι
775 4509 778 4514 Ι
879 4497 882 4502 .
1027 4481 1030 4488 “
1250 4481 1256 4510 Ξ
1278 4487 1284 4494 ·

369 4632 388 4677 *
406 4655 553 4710 rrerrrr
574 4638 1074 4727 rnotiwml.w1msx.p.rrr.
