3225 5509
288 631 338 704 30
519 634 607 687 Chl’.
639 631 711 683 Vlia
743 634 795 684 ott
825 635 1011 685 sentens
1045 638 1213 696 utsrott.

342 806 500 861 neuter
528 792 723 890 chronologia
746 789 914 884 christiana
936 791 974 862 dt
991 793 1102 887 chrisio
1125 812 1203 866 nata
1223 789 1365 863 rtrcbnt
1382 813 1436 888 ge·

329 889 389 987 stit
403 906 478 964 anta
492 911 524 963 et
536 891 603 990 pall
619 900 686 963 cius
706 899 967 977 incarnationem,
987 919 1087 990 vsque
1112 899 1267 964 nimirum
1288 893 1330 962 ad
1351 890 1436 962 secu·
1473 971 1475 976 ¹

337 991 845 1067 lumxv1.Paris1isMDcux1x.
880 997 916 1062 in
939 1017 1083 1064 tacour
1116 987 1437 1086 eavtreuipairr·

334 1093 367 1164 la
385 1095 647 1194 chronographica
671 1092 772 1186 [latrat
790 1094 909 1185 ccclefia
935 1097 1113 1179 catholica,
1139 1121 1158 1164 a
1175 1093 1283 1187 chrisio
1303 1111 1378 1163 noto
1394 1091 1437 1162 ad

335 1217 452 1266 annum
478 1213 640 1270 MDcx1V.
667 1197 779 1290 gallica
797 1203 937 1294 primum
949 1196 1082 1295 scripta,
1104 1195 1204 1295 polita
1231 1199 1332 1267 tactu
1350 1195 1437 1269 facta

336 1313 369 1366 at
389 1295 498 1366 mttltic
524 1293 754 1363 additamentis
775 1297 983 1392 locupletata,
1015 1298 1165 1391 Lugduni
1193 1293 1436 1371 MDch1.fol.

335 1401 420 1495 Qua
450 1394 608 1490 adpellaui
633 1392 792 1493 specialia,
824 1402 860 1465 in
879 1387 917 1464 iis
936 1394 1106 1490 iugulatio
1132 1398 1268 1467 historia
1292 1395 1435 1466 ecclesa-

334 1499 417 1569 ilica
442 1503 545 1590 capita
569 1495 805 1588 chronologica
836 1496 953 1565 tradita
972 1519 1069 1593 atque
1088 1497 1257 1592 explanata
1277 1496 1374 1581 sunt,
1397 1494 1437 1566 de
1467 1523 1472 1530 ·

337 1603 431 1668 annis
457 1597 561 1666 chtisti
587 1619 685 1690 atque
711 1596 952 1690 apostolorum:
976 1597 1017 1668 de
1041 1598 1240 1692 temporibus
1274 1601 1458 1676 variatum

337 1721 466 1780 rerum,
498 1721 569 1793 quat
600 1695 686 1790 apud
710 1695 898 1764 christianos
923 1721 1059 1791 peracre
1085 1697 1217 1770 fuerunt
1242 1720 1338 1793 atque
1363 1711 1457 1768 eue·'

337 1818 467 1869 nerunt.
516 1797 636 1890 Qualia
661 1797 717 1866 itta
746 1794 818 1879 hut,
848 1797 971 1892 patebit
995 1799 1138 1880 catillis,
1171 1825 1242 1895 qua
1266 1798 1377 1893 postea
1399 1801 1437 1866 in

337 1902 654 1969 commemoratione
698 1895 893 1992 scriptorum
933 1899 1071 1970 historia
1109 1899 1322 1971 ecclesiasticae
1355 1901 1455 1969 noui,

336 2000 516 2072 testamenti
541 1981 777 2093 suppeditabu'

775 2151 811 2238 §.
867 2145 947 2224 llll.

300 2333 303 2338 -
398 2276 528 2355 Praeter
561 2268 860 2375 chronologiam,
900 2273 1107 2377 geographia
1141 2273 1187 2350 iis
1221 2274 1438 2355 adiumenta

287 2377 418 2463 adfert,
433 2376 500 2478 qui
523 2375 648 2452 studio
674 2374 944 2453 historialitcra
959 2375 1093 2452 addicti
1108 2375 1205 2470 sunt,
1227 2402 1267 2452 ac
1276 2376 1373 2452 viam
1390 2375 1437 2454 ad

166 2535 169 2540 ,
285 2479 553 2558 adcurationem
595 2475 695 2551 illius
738 2476 993 2578 cognitionem
1021 2497 1132 2578 parat.
1184 2477 1243 2554 Est
1277 2477 1344 2552 ista
1378 2479 1438 2555 vel

279 2584 407 2680 socta,·
431 2576 507 2652 sute
526 2576 661 2668 biblico,
693 2600 775 2676 qua
798 2582 891 2665 loca,
922 2580 963 2654 in
985 2577 1168 2678 scriputris
1194 2576 1338 2653 diuinis
1360 2601 1438 2658 me·

285 2702 435 2766 morata,
468 2676 638 2754 describit
658 2701 699 2752 ac
729 2679 897 2755 notitiam
941 2703 1069 2756 eorum
1108 2677 1346 2781 suppeditat·⁷
1378 2680 1436 2758 vel

286 2783 510 2879 ecclefiastica,
535 2801 720 2879 quatenus
742 2778 803 2854 illa
824 2804 889 2878 per
903 2780 1178 2878 patriarchatus,
1202 2783 1434 2879 meuopoles.

286 2879 619 2981 archiepiscopatus
644 2899 681 2956 et
707 2879 938 2979 episcopatus
959 2879 1213 2982 distinguitur.
1267 2882 1443 2981 Vtraque·¹
1468 2893 1470 2900 '

284 2986 326 3062 itt
341 2983 412 3060 hoc
432 2981 631 3058 litterarum
651 3003 789 3082 genere
815 2979 996 3081 inignem
1021 2982 1155 3082 prabet
1180 2981 1373 3058 utilitatem
1394 3003 1433 3058 ac

283 3090 399 3163 multa
431 3081 631 3182 suppetunt
654 3082 901 3171 monimenta,
930 3081 1068 3183 quibus
1086 3083 1152 3160 ista
1171 3082 1300 3160 tradita
1326 3103 1434 3183 atque
1466 3157 1469 3174 ,

283 3187 457 3266 illustrata
477 3183 539 3259 est.
1160 3257 1162 3261 ,
1421 3241 1423 3246 .

395 3285 602 3370 Librorum,
622 3283 687 3383 qui
706 3283 826 3361 studio
846 3283 1079 3459 geographia
1089 3287 1203 3382 socca
1220 3282 1434 3368 inseruiunt,

283 3413 444 3490 magnus
467 3387 737 3483 est‘uumerus,
771 3411 812 3462 ac
837 3391 863 3460 li
893 3385 975 3461 adi
1007 3411 1113 3461 orum
1149 3406 1444 3486 argumentatae·

284 3486 464 3566 tractandi
486 3485 665 3562 rationem
696 3486 860 3562 animum
893 3485 1135 3583 adnectimus,
1163 3509 1207 3563 ea
1225 3487 1279 3563 est
1306 3509 1434 3562 eorum

284 3589 454 3672 varietas,
473 3608 512 3663 vt
528 3586 591 3660 alii
609 3585 654 3660 ad
659 3586 932 3760 (imgmphhm
953 3587 1099 3670 sacram,
1121 3586 1326 3688 generatim
1341 3587 1434 3663 sum·

284 3714 358 3768 tam
373 3713 383 3775 ;
410 3686 470 3763 alii
497 3706 657 3764 autema
709 3685 910 3788 fingulares
936 3684 1034 3760 illius
1064 3709 1184 3784 partes
1212 3686 1433 3787 pertineant.

283 3790 488 3891 Vtriusque
515 3787 664 3891 generis
683 3786 766 3865 sunt
780 3786 922 3888 scripta,
946 3809 1107 3887 quorum
1136 3787 1436 3867 commemoratio

157 3923 160 3928 ·
283 3916 385 3970 nunc
404 3889 588 3991 sequitur:

415 4045 588 4108 tuseott,
621 4025 678 4117 qui
698 4025 780 4094 inter
797 4041 920 4092 veteres
938 4023 1062 4116 primus
1080 4022 1287 4118 geographie
1312 4019 1440 4096 biblica

286 4151 289 4158 ·
331 4125 440 4198 lucem
468 4124 601 4207 adtulit,
626 4124 708 4192 liber
741 4119 814 4219 trogi
868 4121 928 4198 τῶν
967 4126 1107 4197 τοπικῶν
1155 4119 1320 4215 o'ootaat'tut
1347 4119 1441 4208 invii

332 4226 418 4302 Stia
450 4226 579 4323 moi,
616 4223 656 4291 de
688 4218 867 4291 oraminibus
902 4223 1036 4292 lactem
1064 4241 1097 4291 ct
1123 4220 1250 4293 urbium
1282 4232 1318 4293 in
1345 4210 1441 4314 sacra

323 4311 499 4427 scriptio-a.
548 4310 719 4396 Recensuit
733 4326 769 4389 in
788 4321 847 4389 itio
871 4326 1008 4390 nomina
1023 4322 1187 4393 dictorum
1207 4324 1361 4394 locorum
1382 4351 1440 4396 ot·

333 4429 409 4501 dine
427 4428 627 4499 litterarum:
667 4419 860 4491 eorumdem
877 4420 973 4490 strum
995 4445 1033 4490 ac
1056 4425 1231 4518 quomodo
1253 4445 1345 4496 etate
1368 4431 1439 4498 eius

333 4529 582 4626 adpellerentur,
615 4519 779 4619 explicuit.
836 4521 1004 4590 {uindice
1034 4522 1099 4591 hoc
1134 4523 1175 4594 ab
1202 4524 1344 4598 Eusebio
1373 4527 1438 4596 alia

329 4627 466 4706 omitte
491 4625 578 4708 aia,
610 4649 715 4722 quum
732 4620 898 4716 islinguae
920 4617 1028 4694 ebrae
1052 4628 1186 4718 ignarus
1204 4621 1278 4697 esset
1296 4649 1336 4694 ac
1363 4650 1438 4699 ver·

569 4765 578 4774 -
1307 4724 1436 4802 stenem
