3225 5509
291 585 364 652 120
486 593 578 648 err.
613 589 691 642 vrr.
742 587 797 642 ns
838 577 1034 642 resinata
1073 587 1251 640 asaron.

304 701 357 720 -n
368 699 500 718 *m
554 699 634 712 --οσοι
679 698 735 712 μ.

338 745 625 846 compendiariam:
653 701 949 842 secundaercerpta
963 689 1317 840 exsuscitem]

339 847 382 920 ab
406 847 663 938 Hierosolymis,
692 871 749 944 per
770 851 964 940 Pompeium
984 849 1099 922 victiss
1125 844 1308 916 terrionem

305 963 308 972 '
339 953 483 1022 maxima
509 971 547 1016 ex
563 945 765 1042 Theophane
781 947 892 1018 hausta
912 946 967 1022 est.
1020 949 1059 1016 ln
1083 943 1254 1040 publicam
1268 939 1317 1015 lun

339 1051 439 1122 storia
456 1046 524 1116 haec
541 1071 617 1118 cum
639 1046 909 1118 adnotationibus
933 1039 1044 1120 emilla
1061 1043 1143 1118 esta
1165 1041 1317 1116 millu

340 1145 503 1236 salvom,
526 1145 650 1218 Parifiis
667 1167 854 1222 MDcxux.
879 1143 941 1221 fol.

242 1325 244 1330 ,
399 1271 568 1317 nnnsrvs
580 1245 760 1342 ¹bremenfis,
781 1251 872 1318 culus
892 1247 934 1316 acl
950 1269 1012 1316 nos
1028 1247 1186 1342 peruenit
1203 1241 1317 1338 bilche

342 1345 436 1436 allice
456 1367 598 1444 quatuor
609 1346 719 1431 libris,
734 1349 845 1444 postea
868 1352 952 1418 inter
971 1345 1087 1442 scripta
1106 1345 1252 1416 historin
1270 1343 1317 1425 lau

342 1449 433 1519 erulis
467 1453 601 1544 eiusque
636 1469 798 1524 certarum
823 1452 998 1544 regionum
1018 1469 1059 1520 ae
1088 1445 1317 1550 populoruur

342 1545 582 1648 percensenda=

423 1671 659 1720 ononsrcvs
690 1671 873 1732 orricio,
899 1652 992 1718 cuius
1017 1643 1181 1736 biretam
1200 1639 1317 1742 mm

344 1749 464 1820 christo
488 1773 569 1818 nato
591 1771 693 1846 vsque
715 1750 756 1819 ad
775 1772 900 1819 annum
920 1767 1040 1824 MCXL.
1067 1745 1265 1842 descriptam
1288 1747 1317 1819 sl

342 1865 423 1924 xm.
447 1849 630 1922 distinctam
660 1853 745 1920 inter
765 1847 934 1944 scriptores
956 1867 1080 1918 veteres
1111 1845 1257 1925 hilloriae
1274 1847 1317 1918 ln

342 1965 467 2022 norum
498 1951 642 2020 Andreas
658 1947 704 2019 du
728 1951 847 2018 chesne
861 1952 940 2018 iuris
963 1945 1086 2045 publici
1099 1943 1204 2032 feeit,
1225 1942 1317 2040 Parii

341 2047 421 2127 'xlm
472 2052 583 2120 Primo
594 2049 680 2120 libro
700 2073 748 2119 res
768 2075 787 2120 a
810 2069 959 2144 tempore
975 2047 1146 2135 christiin
1163 2042 1317 2122 lucemd

341 2172 408 2245 que
427 2152 470 2219 'ad
488 2175 613 2221 annum
639 2169 757 2224 mcxi.
776 2149 869 2244 gesta
897 2171 955 2244 per
968 2147 1082 2224 leriem
1114 2147 1317 2244 imperatorur

342 2253 429 2326 uites
452 2273 626 2326 narrantur
651 2272 684 2321 et
704 2254 738 2318 in
754 2250 802 2320 his
817 2247 878 2320 illae
896 2273 1043 2344 quoque.
1069 2273 1143 2344 quae
1167 2249 1212 2322 ad
1231 2247 1317 2321 eluih

341 2373 407 2446 que
427 2351 592 2447 apostolos
626 2353 815 2445 pertinent:
839 2345 983 2419 secundo
1008 2347 1144 2422 historia
1167 2349 1317 2447 apostolor

342 2449 600 2544 apostolicorum
640 2453 814 2534 virorum,
857 2471 895 2517 ac
918 2447 976 2519 sub
1000 2445 1103 2524 linem
1131 2447 1225 2522 illius
1258 2469 1317 2548 pou

341 2565 561 2620 romanorum
617 2571 720 2643 vsquo
770 2549 813 2620 ad
877 2552 1110 2620 Innocentium
1159 2555 1204 2628 ΙΙ.
1262 2551 1317 2624 exhi

340 2653 440 2718 terrio
470 2670 509 2717 ac
538 2645 744 2743 sequentibus
776 2647 866 2719 libris
900 2651 941 2720 de
968 2647 1064 2720 rebus
1098 2653 1317 2725 Normaruun

339 2751 493 2829 Francia,
513 2748 653 2842 Anglia,
680 2747 812 2842 Apulia,
834 2748 997 2832 Calabria,
1029 2749 1139 2823 Sicilia
1167 2773 1207 2831 ct
1226 2751 1317 2831 sud

337 2869 404 2944 que
419 2847 462 2918 ad
483 2871 610 2920 annum
633 2847 738 2918 christi
756 2865 873 2922 Μαι.
894 2845 1064 2922 dillcritur.

396 2947 450 3016 nd
459 2969 608 3018 auctores
617 2949 679 3017 hos
689 2947 878 3044 adiungitur
892 2971 1102 3020 nsnnnrvs
1119 2971 1317 3026 isunnam

337 3049 455 3118 merita
471 3053 508 3118 in
526 3047 694 3118 historiam
712 3048 954 3120 ecclesiasticam
974 3053 1076 3120 atatis
1105 3051 1212 3124 huius
1232 3075 1317 3150 magu

325 3148 1317 3246 'Quamuisenimargumentaspecialiapetsequanrmearam

336 3273 402 3344 que
420 3247 528 3332 refert,
538 3249 756 3346 quahilloriae
771 3249 983 3320 ecclesiastica
993 3249 1317 3326 vniuersaelucemri

336 3351 426 3421 luter
444 3347 558 3446 scripta
588 3354 657 3420 eius
682 3350 836 3420 historica
862 3351 974 3422 locum
995 3350 1136 3422 habent:
1162 3377 1317 3450 regan

335 3449 493 3522 lunarium
520 3455 652 3544 Danu,
677 3453 793 3522 Sutria
813 3471 846 3522 ss
876 3455 1049 3546 Nomegia
1073 3453 1275 3526 emicans
1306 3477 1317 3526 r

335 3551 474 3624 saxonia
489 3575 528 3620 eo
548 3550 716 3623 vandala.
767 3554 920 3646 Inprimis
937 3552 1001 3622 huc
1028 3549 1152 3648 spectat
1167 3572 1317 3657 metropol

334 3674 402 3747 qua
438 3651 606 3721 historiam
642 3651 810 3746 religionis
837 3651 1033 3736 christianae,
1069 3659 1106 3726 in
1143 3659 1317 3728 Saxoniau

334 3755 469 3831 riorem,
493 3751 734 3844 Guellphaliam
764 3773 798 3822 et
818 3751 1001 3822 Cimbriam
1024 3751 1246 3841 introductas,
1269 3771 1317 3828 ac'

333 3855 412 3932 cim,
427 3851 531 3946 quiin
548 3850 664 3922 iisdem
683 3852 873 3945 regionibus
891 3852 1057 3924 constituti
1072 3851 1167 3938 sunt,
1186 3880 1208 3927 e
1232 3857 1317 3954 iscop

296 3953 302 3964 '
332 3973 398 4020 vna
416 3971 491 4020 cum
514 3953 587 4020 viris
611 3975 644 4022 er
671 3949 765 4021 rebus
786 3953 880 4046 gelhs
900 3977 1039 4038 eorum,
1060 3957 1119 4052 qui
1139 3959 1317 4056 epicopali

330 4047 590 4148 praefuerunt,ab
602 4053 1005 4129 annochristincccxxx.
1018 4053 1060 4124 ad
1080 4079 1210 4128 annum
1229 4075 1317 4132 nami

329 4148 506 4220 duodecim
530 4157 678 4248 exponit.
760 4153 891 4224 Exstant
929 4159 1036 4250 operis
1066 4155 1164 4229 huius
1187 4157 1317 4229 edition

329 4247 513 4322 basileenses
542 4269 780 4328 nruxrvrrr.
812 4273 998 4328 uunxvru.
1030 4253 1093 4328 fol.
1127 4255 1207 4327 due·
1243 4255 1317 4328 eolo

327 4367 510 4427 munxxrv.
548 4369 714 4446 moxcvt.
741 4365 775 4438 8.
820 4375 882 4424 tres
905 4353 1184 4428 francofurtenses
1208 4376 1317 4434 mun

327 4467 452 4526 MDxc.
467 4453 671 4532 MDchvss.
689 4449 752 4532 fol.
771 4459 789 4500 *
836 4454 931 4526 Plura
952 4455 993 4528 de
1010 4481 1110 4554 opere
1129 4459 1196 4528 hoc
1209 4455 1301 4530 infra

1300 4555 1317 4656 l

284 4659 648 4765 mni—ffb
661 4697 780 4762 henes.
794 4715 864 4762 sen.
882 4717 943 4760 ur.
958 4717 993 4780 p.
1010 4709 1081 4778 m.
