3225 5509
1377 420 1760 494 hamedanae
1796 420 1879 488 ad
1911 420 2316 488 illustrandas
2358 445 2460 491 res
2512 429 2818 520 aegyptia*

1387 547 1484 594 ιν
1507 546 1550 590 n
1568 545 1612 589 o
1631 544 1669 589 L
1686 545 1720 589 1-·
1742 541 1765 588 1
1822 515 2081 611 historia
2116 517 2439 618 aehiopica
2466 521 2727 597 finisti-e
2754 531 2818 596 iu

1380 643 1608 694 torum
1658 639 2187 719 magnorumque
2227 645 2583 696 naeuorum
2634 627 2818 698 aden:

1349 723 1536 817 ⁴'erga
1575 717 1963 814 religionem
1991 718 2170 791 suam
2212 721 2293 790 ad
2330 717 2400 791 id
2446 719 2777 798 adductus
2800 748 2818 812 ς

1377 819 1743 894 Ludolfum
1771 820 1855 888 ab
1892 818 2253 891 aduersario
2302 821 2437 891 hoc
2480 823 2818 900 defenden

1235 945 1244 960 ’
1379 923 1666 1020 prodiit:
1732 917 1975 1016 defensi
2016 918 2096 991 de
2125 918 2434 1013 t'bistoire
2464 921 2581 994 des
2614 935 2818 1026 patris

1377 1021 1547 1096 dela
1577 1021 1891 1092 conection
1923 1020 2035 1092 des
2072 1019 2370 1116 liturgies
2420 1029 2785 1099 orientales

1377 1125 1545 1198 tulc':
1622 1121 1881 1193 defense
1936 1123 2017 1193 de
2066 1123 2129 1194 la
2192 1129 2515 1197 memoire
2574 1128 2663 1201 de
2718 1151 2818 1202 tm

1369 1243 1779 1301 MDccxvu.
1826 1223 1947 1268 *⁴¹*

1524 1329 1588 1396 V
1583 1333 1687 1394 itae
1725 1322 2245 1422 patriarcharum
2263 1325 2818 1404 alexandrinma

1375 1449 1450 1496 ce
1478 1449 1631 1494 cum
1671 1426 1874 1493 latina
1908 1430 2440 1521 interpretatione
2478 1435 2799 1530 notisque

1370 1523 1702 1621 Rcbkops‚
1786 1524 2005 1620 Lipsiae
2053 1546 2533 1604 MDCCLIX.
2574 1553 2653 1624 4.
2762 1539 2818 1604 D

1367 1647 1625 1720 partes3
1686 1622 1815 1693 fiue
1864 1647 1934 1694 vt
1975 1622 2105 1718 ipse
2146 1651 2252 1697 eas
2320 1651 2520 1700 vocat
2556 1677 2579 1714 ‚
2659 1627 2818 1728 spec.

1368 1730 1458 1793 cit
1539 1722 1864 1818 specimen
1942 1730 2205 1797 tertium
2232 1776 2253 1812 ,
2330 1727 2723 1828 inscriptum
2761 1763 2781 1806 :

1358 1823 1581 1918 stov-ico
1598 1831 1875 1894 -criticae
1913 1827 2002 1898 ad
2037 1837 2210 1904 vitas
2252 1829 2791 1928 patriarcharum

1365 1929 1419 1998 Ii
1456 1931 1659 2025 primi
1714 1943 1777 1995 et
1815 1921 2085 2022 secundi
2117 1977 2135 2010 ,
2211 1930 2447 2026 quibus
2496 1954 2737 2028 praeter
2786 1963 2818 2006 a

1366 2043 1709 2098 auctorem
1769 2026 2003 2096 harum
2064 2034 2344 2102 vitarum
2399 2029 2522 2103 effe
2580 2040 2818 2108 Seuert

1363 2126 1742 2226 episcopum
1773 2126 2303 2214 Asmonaeorum‚
2354 2129 2747 2228 scriptorem
2783 2139 2818 2209 fi

1367 2227 1513 2302 sunt
1545 2234 1694 2299 vitae
1738 2229 1833 2298 hae
1868 2253 1944 2299 ex
1984 2230 2246 2301 historia
2292 2231 2739 2332 manuscripta
2787 2263 2818 2338 p

1365 2353 1431 2401 ta
1469 2330 1570 2400 sex
1607 2332 2125 2425 patriarcharum
2182 2331 2771 2412 alexandrinorum
2802 2397 2818 2424 ‚

1361 2433 1654 2502 diacono
1683 2430 1977 2526 quodam
2015 2434 2375 2515 Michaele,
2408 2432 2549 2504 filio
2579 2441 2818 2512 Nadin·

1361 2533 1688 2602 Codicem
1732 2536 1867 2601 eius
1913 2536 2202 2626 primum
2256 2533 2579 2606 Salomon
2650 2565 2793 2611 van
