3225 5509
612 659 937 710 necutiante.
1276 651 1345 728 3³29

209 745 680 776 ..ι-μ--ἆψ-

321 801 479 892 l'erpauci
503 801 539 866 in
560 822 601 867 eo
622 797 852 894 elaborarunt,
880 821 914 868 vt
927 797 1094 868 historiam
1107 799 1349 874 ecclesiasticam

242 899 425 968 Curiandiae
447 897 647 994 perpolirent
670 923 708 968 ac
735 899 847 990 littaris¹
870 897 1050 994 quidquam
1072 901 1284 987 mandarent,
1306 903 1348 974 ad

243 997 470 1070 illustrandam
482 997 572 1068 illam
593 1021 831 1093 comparatum.
882 999 997 1068 Nullus
1020 997 1145 1083 exstitit,
1168 1007 1225 1097 qui
1248 1006 1347 1073 totius

244 1099 386 1170 historia
400 1100 496 1168 huius
511 1101 745 1193 compendium
765 1097 1001 1176 conscriberem
1039 1115 1096 1168 ant
1119 1123 1243 1195 partem
1262 1102 1347 1173 illius

245 1199 399 1294 singulari
422 1197 528 1270 studio
547 1198 744 1293 explanaret.
821 1189 923 1297 Quod
950 1198 1100 1268 nonnulli
1127 1199 1347 1298 susceperunt,

248 1321 328 1394 opus
354 1304 541 1394 argumenti
560 1301 655 1368 huius
671 1325 742 1370 non
763 1298 953 1370 confectum
968 1299 1030 1368 est:
1066 1298 1176 1370 saltem
1189 1306 1224 1371 in
1241 1302 1348 1376 lucem

249 1399 412 1494 publicam
430 1399 518 1470 haud
540 1401 682 1494 prodiit,
713 1401 802 1496 sique
825 1421 858 1470 et
881 1400 1017 1496 legimus
1044 1401 1211 1496 quadam,
1237 1403 1278 1474 de
1299 1427 1349 1475 re-

250 1499 305 1572 bus
339 1498 554 1570 ecclesiasticis
583 1499 766 1570 Curlandiae
794 1500 911 1578 telataa
952 1523 989 1571 ea
1017 1521 1127 1570 tamen
1163 1522 1289 1574 tantum
1313 1509 1350 1576 in

252 1597 380 1672 tranfitu
420 1622 520 1696 atque
553 1599 664 1670 oblata
700 1600 870 1671 occasione
897 1602 981 1670 dicta
1012 1599 1095 1675 sunt.
1166 1603 1349 1674 Adducimr

214 1697 217 1706 '
259 1723 399 1772 eatan
434 1723 680 1770 einnonuu
701 1700 801 1790 liber,
834 1707 1020 1796 germanice
1050 1698 1204 1798 scriptus,
1227 1704 1268 1777 de
1297 1727 1349 1774 re·

212 1885 219 1902 l
250 1801 437 1896 formatione
448 1805 558 1893 gentis
575 1801 687 1870 latrice
711 1808 883 1872 induratu
901 1803 1112 1882 aurianam*
1126 1827 1225 1900 quem
1240 1797 1349 1876 autem

256 1901 496 1972 nondumvidi.
550 1924 727 1972 canouvs
757 1925 988 1974 uuoovicvs
1025 1927 1156 1973 tason
1179 1904 1351 1984 edere-,coe-

254 2005 319 2100 pit:
344 1991 556 2095 curiandiscbe
580 2001 891 2096 kirchengescbicbte,
912 2008 1350 2098 Regiomont.MDcch111.

253 2109 286 2190 4.
313 2125 353 2170 ac
372 2107 478 2197 prima
495 2123 585 2196 parte
607 2101 646 2173 de
664 2108 792 2196 origine
810 2125 843 2172 et
857 2099 1022 2200 progress'u
1041 2101 1175 2172 ecclesia
1195 2103 1351 2174 libauien·

254 2198 495 2298 fitexposuit.*
1278 2217 1282 2228 '

209 2303 211 2310 '
277 2389 280 2394 Ι
311 2303 378 2374 ald
403 2302 619 2396 Transtluanin
645 2301 814 2374 historiam
846 2297 969 2371 sacram
1008 2300 1271 2398 cognoscendam
1303 2299 1354 2371 lu.

225 2427 321 2476 „tem
341 2401 536 2500 praeferunt:

328 2526 561 2576 eunucisci
599 2525 792 2572 oaniczu
826 2499 1221 2598 Rudusrediaiuue3sea
1246 2496 1355 2572 breues

256 2627 364 2696 rerum
386 2603 650 2700 ecclessasliaarum
666 2601 916 2698 hungaricarum
939 2609 1035 2674 iuxta
1063 2629 1100 2674 ac
1121 2600 1357 2694 traofiluanice·

259 2727 330 2778 rum
345 2705 421 2776 inde
436 2731 456 2776 a
476 2705 700 2799 reformatione
713 2710 952 2789 commentarii,
979 2703 1108 2776 Cebinii
1121 2719 1357 2781 mncuxxxiv.

267 2823 319 2884 12.
339 2829 484 2902 quorum
506 2809 574 2875 iant
599 2825 693 2874 antea
715 2809 920 2874 mentionem
941 2802 1023 2874 feci:

333 2929 519 3001 anoton
551 2926 721 2976 unuani
751 2903 877 2990 hillario
907 2905 1095 3002 ecciestaram
1124 2903 1359 3001 transflumin-

259 3029 353 3096 rain,
371 3007 447 3078 inde
463 3031 483 3076 a
497 3011 612 3104 primis
626 3006 807 3103 populorum
822 3002 998 3102 originibus
1018 3007 1062 3076 ad
1075 3007 1135 3075 hac
1149 3031 1247 3105 usque
1275 3024 1359 3078 iem·

260 3129 354 3210 para,
381 3131 425 3177 ex
442 3109 548 3178 variis
567 3111 670 3205 iisque
687 3103 906 3205 antiquifflrnis
930 3123 962 3174 et
982 3104 1196 3204 probatiffimis
1220 3108 1360 3176 auctari·

260 3205 334 3294 bu,
351 3204 554 3305 ¹abditrffimie
572 3204 715 3276 archiuis
734 3225 767 3276 et
774 3203 841 3299 fide
857 3204 1041 3304 dagniffimie
1057 3203 1274 3303 manuscriptis
1281 3229 1360 3306 qua·

260 3329 334 3384 tuor
351 3305 445 3379 libris
463 3308 639 3388 delineata,
668 3305 875 3379 Francofurti
901 3305 942 3374 ad
967 3311 1076 3378 Moen.
1100 3323 1361 3382 MDcxc1V.12.

262 3409 351 3506 quod
370 3411 506 3480 unicum
523 3407 660 3478 historia
677 3409 772 3501 huius
789 3407 1024 3501 compendium
1047 3405 1113 3488 est,
1135 3404 1235 3500 idque
1260 3427 1361 3501 quum

264 3535 332 3582 uon
352 3510 416 3581 alia
429 3559 440 3594 ,
455 3534 534 3608 „quae
553 3506 689 3580 meliora
705 3507 786 3593 sint,
813 3507 959 3592 exstant,
986 3510 1171 3603 optimum:

337 3675 530 3724 maurini
561 3673 856 3722 scunarium
890 3645 1365 3747 dssmtatioepissolicadestatn

266 3753 382 3854 acrisia
400 3750 632 3824 lutheranorum
652 3757 688 3821 in
706 3748 942 3946 Tranppiupnia,
956 3756 1037 3822 lenae
1054 3766 1258 3825 mvccxxn.
1272 3749 1366 3948 Ἓξ

287 4092 437 4138 noenta
468 4070 656 4150 schediasmate
683 4071 820 4131 litterario
841 4069 873 4130 de
898 4071 1078 4149 Jcriarorilms
1098 4072 1214 4150 bislariae
1234 4073 1368 4154 palmite,

284 4157 365 4238 quod
376 4156 414 4217 ab
426 4154 485 4236 ipso
502 4177 569 4216 cum
602 4153 696 4218 rosade
707 4151 876 4215 Groaanin
893 4155 1004 4218 Gedani
1016 4177 1038 4216 u
1048 4178 1091 4218 oc
1101 4178 1118 4218 c
1128 4177 1190 4217 vti.
1203 4153 1370 4217 defensum:

285 4239 382 4324 postea
401 4238 547 4300 iamdicti
574 4178 736 4301 (lraddetltii
755 4257 789 4300 uc
809 4237 934 4322 Scdlieffii
955 4239 1191 4301 adnotationibus
1207 4257 1325 4300 auctum
1338 4261 1370 4300 ac

283 4341 462 4390 uteooaai
487 4322 602 4399 hilaria
624 4320 767 4403 polonica,
794 4320 893 4400 Lipfiae
918 4342 1075 4384 uoccxt.
1094 4319 1146 4383 fol.
1173 4320 1273 4395 edit-se,
1299 4342 1370 4400 pta·

282 4404 403 4470 millum
423 4404 471 4467 est.
505 4406 562 4468 'liti
579 4403 799 4492 legendasunt,
824 4425 887 4488 que
911 4407 938 4485 §.
959 4424 1076 4476 uuvu.
1109 4421 1245 4468 unviti.
1267 4424 1374 4486 piro.

284 4487 343 4568 seq.
367 4487 520 4553 habentur.

256 4589 276 4631 ²⁸
294 4603 356 4646 atta
374 4588 508 4647 eruditae.
528 4603 737 4647 uncertain.
754 4602 783 4664 p.
802 4600 871 4660 549.

259 4693 440 4784 *ffiralung
456 4717 510 4763 oon
523 4695 596 4760 alten
614 4695 669 4760 ond
693 4715 776 4760 neunt
791 4693 903 4781 theolog.
920 4693 1037 4777 sarion,
1059 4709 1144 4774 ipat.
1164 4714 1194 4775 p.
1207 4710 1292 4774 ¹09⁴·
