3225 5509
585 657 921 708 reeteorisrie.
1066 627 1069 640 '
1262 651 1334 728 401
1366 723 1368 728 ι

227 758 1239 784 --—------------—

231 813 298 884 cali
308 807 412 904 sorraei
425 805 552 903 fidere,
580 805 639 874 boc
664 801 723 896 osb,
753 811 903 903 precipiti
921 809 1095 902 primitiare
1122 805 1243 906 ecclesa
1261 810 1343 884 mi

231 913 408 1009 tesamenti
444 929 504 1008 per
545 907 668 1004 aliquot
693 901 799 1000 secula
826 924 936 1004 patrer
969 924 1001 974 rt
1031 906 1194 994 doctores,
1229 913 1341 1010 Lipsiae

231 1029 444 1091 MDttuxvut.
465 1029 518 1083 12.
556 1032 624 1103 quo
641 1030 756 1077 auctor
773 1010 889 1102 incipit
913 1032 931 1075 a
960 1004 1120 1099 Dionysio
1154 1022 1342 1113 areopagita

233 1141 271 1188 ac
291 1113 404 1184 desinit
422 1115 458 1181 in
482 1108 698 1189 Bernhardo,·
734 1132 805 1177 non
819 1105 933 1179 'autem
965 1105 1091 1204 plures,
1123 1134 1223 1208 quani
1253 1134 1340 1192 XLV.

233 1221 373 1288 maxime
392 1237 431 1284 eu
451 1209 673 1300 Bellarmino,
700 1207 766 1279 fine
792 1207 961 1302 diligentia¹
984 1230 1081 1305 atque
1106 1211 1338 1310 adcuratione,

234 1315 389 1389 recenset:
421 1334 622 1383 utuntur.
655 1333 828 1378 orrouis
860 1327 969 1380 insit
1006 1313 1250 1384 kirchen-und
1266 1321 1336 1388 stir-

233 1421 308 1489 chm
336 1461 354 1478 .
376 1409 559 1508 seriberiam
596 1408 720 1502 histrio
776 1435 874 1480 neuen
917 1409 1119 1505 tesamenti,
1173 1415 1338 1493 Lubbenae

227 1533 624 1602 .MDccxxv111.4.
685 1515 772 1582 Bene
795 1536 943 1608 ¹quoque
966 1511 1021 1582 fibi
1048 1512 1243 1606 consulunt,
1277 1527 1336 1618 qui

236 1640 408 1690 auctorum
434 1612 718 1684 ecclesiastieorum
753 1617 907 1682 notitiam
935 1617 1121 1709 acquireret
1155 1639 1212 1688 aur
1234 1645 1335 1717 auge-

237 1745 268 1790 re
299 1719 436 1797 volunt,
462 1713 596 1810 quando
631 1737 688 1782 io.
717 1737 899 1783 turturi
938 1739 1126 1785 inaniori
1161 1741 1333 1819 utramque

239 1817 467 1897 bibliothecam,
493 1837 525 1885 et
539 1838 699 1908 graecam,-
721 1836 753 1882 et
771 1814 904 1884 latinam
925 1819 1083 1911 antiqua,
1112 1819 1270 1892 mediaret
1286 1828 1337 1894 in·
1433 1859 1436 1870 ·

239 1919 316 1992 limae
336 1923 438 1988 attaris
461 1914 630 2008 diligenter
656 1913 838 1998 euoluum,
867 1940 969 2009 quum
993 1921 1028 1984 in
1052 1891 1112 1984 illis
1138 1918 1334 2014 scriptontm

240 2018 535 2098 ecelesiasticorum,
563 2035 744 2109 graecorum
765 2019 884 2108 pariter
908 2039 945 2083 ac
972 2015 1168 2101 latinorum,
1199 2027 1265 2091 vita
1286 2048 1336 2094 at·

241 2147 298 2220 que
308 2125 433 2216 ingenii
451 2120 656 2187 monimenta
677 2115 863 2208 horumque
886 2115 1044 2190 editiones
1067 2140 1163 2214 atque
1185 2121 1246 2190 alia
1264 2149 1335 2196 me·
1424 2123 1427 2136 '

241 2223 406 2308 notabilia
421 2215 558 2288 studiose
571 2239 603 2288 et
619 2215 771 2284 adcurare
784 2240 1099 2288 commemorantur.
1149 2223 1232 2303 Eos,
1251 2249 1338 2316 quo.

244 2350 309 2395 rum
327 2325 445 2416 scripta
462 2322 620 2413 praecipue
637 2315 676 2384 ad
700 2338 805 2409 patres
829 2314 982 2400 ecclesie,
1007 2315 1111 2384 slricte
1139 2317 1181 2386 sic
1205 2322 1336 2410 dictos,

244 2425 398 2522 spectant,
421 2413 489 2490 iam
505 2421 734 2512 praetermitto,
761 2420 919 2509 quoniam
933 2420 1061 2484 animus
1081 2417 1160 2485 milii
1183 2421 1237 2510 est,
1261 2423 1337 2496 illos

245 2527 343 2622 pellea
367 2519 528 2592 recensere
552 2541 583 2587 et
602 2516 640 2585 ad
664 2515 855 2607 singularem
877 2516 1065 2586 huiusmodi
1088 2541 1261 2594 auctorum
1280 2545 1338 2593 ort.

247 2627 345 2698 dinem
363 2621 493 2693 referre.
546 2624 702 2688 Attamen
727 2612 962 2710 nonpossum‚
1000 2621 1079 2712 quin
1102 2640 1134 2689 et
1168 2621 1246 2692 loco
1271 2625 1338 2697 hoc

249 2750 350 2796 eorum
371 2726 575 2794 mentionem
593 2717 734 2798 faciam,
772 2721 827 2812 qui
854 2717 956 2786 libros
985 2717 1024 2788 de
1050 2719 1258 2812 scriptoribus
1284 2751 1339 2796 ec·

253 2825 411 2896 elesiasticis
445 2841 646 2891 enarrarunt.
713 2823 795 2887 Sunt
816 2817 888 2886 illi:
931 2843 986 2886 io.
1032 2817 1235 2892 aunario
1275 2853 1338 2899 ιο.

254 2949 325 2998 tius
349 2932 385 2995 in
404 2923 639 2992 introductione
657 2926 691 2986 iri
706 2925 854 2988 notitiam
858 2918 1051 3016 scriptorum
1067 2921 1340 3013 ecclesiasticorum,

252 3047 276 3096 et
293 3051 411 3096 uriom
423 3049 465 3094 as
498 3045 615 3091 irrio
629 3046 684 3087 rus
713 3025 748 3089 in
760 3017 983 3115 schediasmate
1003 3021 1042 3089 de
1064 3022 1262 3112 auctoribus,
1281 3035 1341 3125 qua·

252 3122 500 3224 descriptoribus
518 3120 720 3215 ecclesiasticis
734 3141 884 3217 egerunt,
909 3121 1000 3218 quod
1015 3144 1187 3219 virumque
1200 3129 1340 3222 opuscu-

250 3223 307 3298 lum
326 3226 420 3324 supra
436 3221 611 3322 percensui.

649 3357 709 3497 e.
776 3407 824 3480 11.

238 3639 241 3646 ,
301 3563 502 3642 Auctorem
536 3552 608 3628 iam
625 3546 850 3632 enumerati,
876 3543 1161 3624 deductoribus
1189 3572 1232 3624 ac
1256 3549 1341 3630 seri.

227 3659 357 3740 roribus
387 3653 542 3736 ecelesia
567 3650 658 3726 noui
678 3647 881 3724 testamenti
920 3647 1121 3748 generatim
1153 3673 1343 3731 commen.

227 3743 263 3836 iti
283 3763 386 3855 sunt3
409 3753 613 3859 praterhos
634 3749 879 3830 autemmulti
897 3748 1126 3835 exstiterunt,
1151 3751 1216 3850 qui
1240 3753 1342 3834 idem

227 3885 451 3965 sagrimentum
472 3852 656 3956 speciatim
689 3852 995 3948 persequerentur
1029 3874 1069 3923 ac
1095 3872 1212 3927 certos
1240 3855 1341 3933 eius.

227 3965 296 4040 rodi
317 3963 509 4050 doctores,
535 3975 676 4051 eosque
706 3954 765 4026 vel
789 3949 968 4046 antiquam
1009 3953 1067 4024 vel
1098 3951 1248 4037 mediam
1282 3963 1343 4034 vel

227 4064 411 4146 erentioris
428 4056 556 4142 atatis,
583 4070 799 4129 enarrarent.
853 4051 950 4124 lnter
970 4050 1198 4150 antiquiores
1219 4053 1343 4134 locum

227 4166 351 4244 abente
402 4167 561 4240 Ioannes
593 4154 768 4254 baptista,
808 4148 984 4237 christus,
1016 4151 1176 4228 seruator
1202 4158 1342 4249 noster,

227 4266 367 4370 postoli,
392 4257 643 4362 euangelista
674 4274 816 4354 patres,
859 4251 908 4327 vti
935 4273 1128 4339 vocantur,
1168 4256 1344 4358 ecclesia,

227 4397 244 4451 e
266 4368 405 4472 quibus
425 4361 578 4464 singulis
600 4355 797 4458 singularia
819 4353 957 4429 exstant
974 4351 1120 4452 ingenii
1141 4355 1345 4434 monimen-

227 4503 242 4552 ι.
290 4475 335 4550 lu
360 4468 420 4544 his
449 4459 683 4540 recensendis
714 4481 830 4554 quum
859 4479 962 4529 iiunc
987 4477 1096 4550 opera
1124 4479 1206 4529 niea
1233 4463 1346 4534 collo.

227 4572 314 4654 tuda
339 4572 408 4666 est,
441 4562 583 4643 ordinis
603 4557 694 4637 ratio
712 4556 891 4657 postulat,
912 4575 951 4630 vt
967 4552 1014 4630 de
1028 4551 1072 4626 iis
1093 4553 1252 4731 primupi
1275 4558 1345 4634 dis.

716 4663 820 4742 .Css
1236 4679 1347 4752 eram,
