3225 5509
269 641 321 718 70
403 605 408 614 ’
511 621 700 676 canter.
746 619 1286 680 narentanorum.-

268 753 298 820 ”’·
335 793 475 848 ruunt.
510 793 714 844 truatur
751 781 843 870 origo
869 797 906 847 ec
928 745 1155 845 incrementum
1184 767 1374 872 prinre'del
1395 791 1440 842 et·

335 873 434 970 desta,
453 870 599 970 anglice,
616 871 761 948 Londini
778 893 1019 950 muetxxxm.
1040 883 1076 958 8.
1092 873 1114 918 *

774 997 811 1082 §.
863 991 963 1070 Vlll.

402 1111 488 1191 Alia
521 1104 709 1184 eiusmodi
733 1107 862 1211 scripta
887 1111 1010 1186 locum
1036 1105 1174 1184 habent
1196 1101 1293 1184 inter
1326 1097 1444 1194 moui·

295 1231 439 1297 menta,
465 1206 697 1310 particularia
730 1235 848 1287 rerum
871 1205 1000 1298 causs‘a,
1034 1203 1241 1307 dequibus
1264 1199 1456 1298 *notitiam

210 1331 213 1336 “
297 1310 543 1412 suppeditant.
615 1310 970 1388 Commemorantur.
1006 1305 1105 1385 enim
1142 1305 1214 1380 illis
1251 1297 1463 1414 singularia-

301 1433 419 1512 caprta
451 1433 591 1497 eorum,
624 1431 704 1508 qua
720 1409 763 1485 in
788 1407 937 1486 ecclefia
964 1407 1098 1485 veteris
1126 1406 1330 1482 testamentr
1351 1399 1442 1478 facte

303 1513 479 1614 gestaque
502 1507 596 1586 sunt.
649 1509 800 1608 Propter
819 1508 1029 1585 varietatem
1053 1509 1182 1581 harum
1205 1526 1328 1582 rerum
1352 1497 1445 1578 ordi·

301 1613 361 1688 nis
383 1613 486 1710 leges
513 1607 707 1708 postulant,
734 1627 773 1684 vt
802 1607 897 1694 libri,
922 1605 990 1708 qui
1012 1605 1082 1682 illis
1107 1609 1229 1680 lucem
1268 1599 1446 1700 adferunt,

302 1709 496 1800 inclall'es,
522 1707 591 1783 rite
611 1705 835 1798 constitutas,
849 1707 1080 1795 diuiduntur,
1104 1703 1133 1780 sr
1154 1702 1359 1781 distinctam
1385 1721 1446 1777 eo·

302 1836 386 1888 rum
422 1807 677 1910 cognitionem
709 1807 818 1884 nobis
848 1807 1041 1906 adquirere
1068 1805 1238 1882 velimus.
1290 1799 1447 1882 Primum

303 1913 429 1986 locum
459 1905 611 2008 adligno
633 1906 882 1994 monimentis,
903 1932 983 2008 qua
1011 1903 1198 2006 speciatim
1216 1902 1377 2002 degente
1398 1903 1445 1976 ie·

302 2013 407 2086 daim
438 2007 598 2106 eiusque
620 2005 703 2084 fatis
727 2007 975 2086 narrationem
1002 2009 1312 2106 complectuntur,
1337 2021 1446 2110 quum

251 2161 254 2166 -
295 2108 451 2190 'historia
480 2105 716 2184 ecclesiastica
749 2106 885 2209 prioris
905 2105 1050 2184 foederis
1067 2104 1249 2206 praecipue
1269 2099 1316 2180 ad
1337 2101 1462 2188 teatio·¹

304 2235 393 2293 nem
409 2209 505 2287 hanc
525 2207 672 2306 spectat.
1409 2291 1413 2298 ,

438 2318 527 2384 lntet
544 2334 665 2384 veteres
688 2316 871 2411 principem
884 2309 996 2382 locum
1017 2330 1126 2381 tuetur
1155 2329 1317 2380 tartare
1340 2325 1472 2380 ,roae-¹

359 2437 474 2485 ruva.
486 2433 583 2505 gente
593 2411 790 2507 etreligione
806 2414 940 2494 iudans,
953 2416 1008 2507 qui
1022 2410 1151 2508 reliquit
1166 2408 1267 2479 libros
1281 2405 1403 2506 septem
1414 2403 1451 2476 de
1465 2459 1472 2476 .

359 2509 571 2583 belloiudar'co
594 2535 632 2579 ac
656 2511 770 2606 praeter
788 2516 864 2598 hos,
886 2511 987 2583 libros
999 2515 1120 2606 =viginti
1146 2497 1457 2608 dexaonoyiaairl

358 2611 417 2694 est,
438 2616 688 2709 antiquitatum
710 2611 761 2682 vel
785 2637 822 2683 vt
838 2613 892 2683 alii
911 2610 1114 2709 loquuntur,
1135 2613 1296 2704 originum
1319 2603 1459 2678 indier

358 2735 444 2784 rum.
498 2715 536 2780 In
567 2710 616 2778 his
651 2715 756 2804 gentis
784 2713 917 2782 iudaicae
945 2712 1112 2782 historiam
1146 2709 1187 2786 alt
1218 2707 1298 2780 orbe
1324 2705 1464 2778 condito

359 2833 464 2906 nsque
491 2809 532 2880 ad
558 2809 792 2882 duodecimum
805 2815 949 2882 Neronis
973 2836 1096 2882 annum
1123 2807 1322 2906 persequitur
1344 2829 1466 2904 quum·

362 2933 427 3004 que
442 2931 490 2991 ea,
510 2934 580 3004 quae
593 2914 628 2978 in
642 2907 796 3006 scriptura
818 2910 905 2981 sacra
923 2911 962 2981 de
980 2911 1073 2982 rebus
1091 2910 1273 2982 iudaeorum
1289 2905 1468 2986 habentur,

362 3033 436 3078 non
459 3008 564 3082 solum
592 3013 783 3090 continuam
815 3010 868 3082 sed
900 3015 999 3083 etiam
1021 3010 1149 3083 breuius
1182 3009 1268 3079 dicta
1289 3003 1471 3103 amplificat

362 3129 462 3204 atque
490 3107 551 3180 illis
579 3106 686 3180 lucem
706 3109 829 3196 adfert,
853 3136 924 3181 non
947 3110 1012 3182 fine
1028 3109 1161 3183 utilitate
1188 3113 1223 3178 in
1235 3107 1342 3178 studio
1366 3105 1473 3178 hillo·

363 3214 417 3278 riae
459 3206 670 3278 ecclesiastica·
705 3217 819 3281 veteris
859 3212 1036 3283 testamenti
1067 3208 1256 3283 consulitur.
1316 3211 1371 3280 De
1401 3203 1473 3276 fide

363 3327 476 3380 tamen
504 3313 572 3378 eius
603 3331 701 3406 atque
721 3315 904 3406 integritare
931 3311 1091 3383 sententia
1117 3310 1294 3380 doctorum
1320 3311 1473 3378 virumn

364 3406 495 3480 diuersae
531 3407 617 3484 sunt.
679 3412 844 3482 Nonnulli
881 3411 1119 3508 reprehendunt
1140 3415 1176 3478 in
1201 3433 1241 3478 eo
1266 3431 1356 3478 nunc
1378 3403 1471 3478 sum·

365 3531 458 3578 mam
473 3511 650 3580 mentiendr
665 3510 853 3591 lrbrdrnem3
878 3536 966 3581 nunc
988 3510 1239 3604 negligentiam,
1254 3505 1405 3579 fraudem
1418 3525 1474 3576 at-

367 3631 432 3704 que
459 3607 707 3689 adulationem
733 3637 823 3682 nunc
846 3612 996 3694 studium,
1023 3611 1214 3704 dignitatem
1239 3628 1339 3704 atque
1354 3625 1474 3700 aucto·

368 3713 499 3778 ritatem
529 3711 763 3783 miraculorum
791 3711 898 3784 Most
937 3733 969 3781 et
1006 3710 1147 3782 aliorum
1172 3708 1353 3780 minuendi.
1402 3701 1474 3778 Alii

364 3805 514 3878 fatentur
543 3812 685 3904 quidem.
713 3836 789 3884 eum
812 3815 969 3892 uitiorum
988 3810 1076 3881 haud
1099 3832 1261 3905 expertem
1290 3803 1351 3880 else
1373 3821 1474 3902 atque

369 3907 536 3978 interdum
571 3909 731 3983 discedere
756 3937 776 3982 a
804 3915 956 3993 veritare3
983 3934 1067 3981 recte
1087 3933 1196 3981 tamen
1222 3910 1376 3992 statuunt,
1406 3907 1474 3978 hoc

370 4029 442 4076 non
472 4009 646 4104 impedire,
678 4036 748 4106 quo
773 4016 882 4082 minus
906 4007 1162 4110 praestantissimis
1196 4010 1354 4080 historicis
1387 4019 1474 4078 recte

370 4107 612 4186 adnumeretur.
676 4117 727 4182 Ex
749 4108 946 4206 quibusdam
981 4115 1069 4183 e'nim
1096 4110 1259 4182 erroribus
1283 4106 1373 4182 haud
1400 4101 1474 4178 fieri

369 4207 477 4302 potest
507 4213 758 4301 argumentatio,
788 4209 922 4306 reliqua,
955 4237 1025 4308 qua
1057 4213 1344 4293 commemorauit,
1383 4203 1475 4280 nul!

370 4305 436 4380 fide
454 4306 553 4400 digna
577 4303 649 4383 else.
697 4308 811 4383 Multa
833 4308 905 4381 sunt
928 4309 1052 4406 losephi
1074 4309 1246 4387 editiones.
1298 4315 1387 4382 Inter
1422 4329 1474 4378 re·

370 4411 555 4489 certiores,
599 4431 717 4506 eatque
766 4433 886 4504 graecas
923 4435 961 4481 ac
992 4410 1128 4498 latinas,
1181 4411 1293 4484 locum
1331 4407 1474 4482 habeor:

1323 4529 1475 4582 euven-

365 4687 464 4748 *acu
478 4686 615 4755 ordea.
647 4710 883 4760 unorum.
903 4693 942 4780 o.
969 4713 1036 4774 ²45·
