3225 5509
1244 416 1634 537 comparata
1673 436 1855 532 sunt,
1904 461 1982 510 vt·
2025 440 2127 510 vel
2184 415 2267 508 ad
2321 440 2546 509 locum
2603 414 2798 509 hunt:⁸
2847 440 2949 509 hat

1244 544 1352 616 vel
1396 540 1588 612 rebus
1639 539 1828 634 gestis
1873 541 2325 610 haereticorum
2380 564 2522 609 non
2567 538 2849 609 multam
2895 538 2949 609 lt

1244 639 1569 743 Qodam
1606 640 1816 710 modo
1862 642 2333 711 commendare
2387 641 2535 710 licet
2589 665 2701 710 10.
2776 663 2936 708 roa

1243 751 1481 816 ctiam
1520 739 2246 838 historico-theologicas
2264 762 2285 822 ;
2343 741 2420 810 de
2458 764 2593 837 quo
2629 764 2833 836 opere
2862 764 2947 810 au

1248 839 1535 918 differui.

1232 989 1241 1000 -
2151 939 2220 1036 §.
2349 938 2482 1014 III.

1344 1081 1541 1159 Non
1572 1078 1877 1165 sufficit,
1947 1076 2054 1154 vti
2115 1075 2496 1176 existimo,
2549 1077 2809 1180 scripta
2865 1106 2949 1155 vr

1153 1179 1307 1257 rica
1345 1181 1439 1259 de
1479 1180 1838 1258 haereticis
1864 1176 2358 1293 pei-censuisse
2394 1207 2415 1275 3
2494 1178 2615 1255 sed
2652 1204 2740 1257 ea
2788 1205 2946 1281 quo

1151 1281 1345 1372 sunt,
1425 1282 1653 1358 uibus
1687 1280 2063 1381 speciatim
2096 1278 2189 1356 de
2236 1276 2723 1382 fingularibus
2778 1280 2949 1358 haen

1153 1380 1350 1457 ribus
1417 1383 1753 1481 ectisque
1787 1383 2184 1481 expositum
2232 1381 2357 1460 est.
2462 1380 2561 1460 Iis
2609 1407 2827 1470 νει-ο,
2880 1409 2949 1485 (μ

1152 1481 1578 1581 tentiasque
1608 1486 2113 1579 peruersorum
2149 1479 2411 1559 horum
2440 1480 2824 1561 doctorum
2862 1486 2949 1562 ad

1157 1579 1288 1655 dio
1316 1580 1696 1680 inquirere
1731 1603 1951 1681 atque
1978 1582 2390 1659 vberiorem
2425 1603 2691 1662 eorum
2736 1588 2949 1664 notiti

1155 1703 1410 1781 parare
1455 1732 1476 1764 ‚
1566 1678 1894 1757 animum
1936 1681 2438 1784 induxerunt,
2509 1686 2949 1765 monimenta

1154 1777 1590 1880 composita,
1639 1803 1799 1857 non
1833 1783 2127 1882 penitus
2166 1783 2578 1865 satisfacere
2633 1787 2927 1889 possunt

1152 1879 1466 1959 caussam
1503 1881 1607 1957 illi
1654 1902 1849 1961 recte
1889 1881 2020 1960 fibi
2066 1886 2499 1975 consulunt,
2566 1890 2874 1991 quando
2905 1917 2949 1990 p

1146 2003 1274 2097 pra
1329 1981 1759 2087 singularia,
1827 1983 1948 2062 vbi
2005 2009 2093 2066 ea
2143 1987 2546 2081 habentur,
2617 1988 2710 2068 ad
2766 1990 2949 2070 vsun

1142 2082 1432 2162 ludicio
1491 2087 1778 2186 legunt.

1247 2215 1672 2285 Enumerabo
1725 2221 1860 2288 iam
1900 2214 2132 2312 scripta
2177 2214 2478 2285 historica
2526 2211 2822 2311 specialia
2872 2216 2949 2287 de

1243 2339 1375 2412 que
1406 2319 1693 2412 antiquae
1726 2343 1803 2387 ac
1855 2316 2081 2388 mediae
2120 2317 2358 2398 aetatiS,
2409 2340 2696 2413 quorum
2745 2343 2949 2411 quum

1240 2439 1398 2485 nera
1436 2414 1694 2513 aliaque
1727 2443 1824 2488 res
1868 2418 2320 2486 haereticorum
2337 2419 2517 2500 certi,
2547 2419 2831 2487 maxime
2868 2443 2946 2489 ve

1237 2519 1419 2609 poris
1453 2516 2020 2613 complectuntur-3
2064 2515 2187 2584 alia
2223 2536 2442 2586 autem
2479 2519 2789 2587 notitiam
2836 2517 2949 2588 nol

1238 2613 1324 2685 de
1348 2613 1649 2709 singulari
1686 2619 1991 2690 haeretico
2025 2639 2100 2686 ac
2124 2613 2290 2685 secta
2310 2615 2516 2703 illius,
2567 2615 2649 2686 ad
2676 2615 2949 2690 istorum
