3225 5509
629 633 957 691 tecttstasrrc.
1291 649 1358 726 ¹⁴3

219 725 1360 785 -ὴ--ῄ--ὲ-Μ

246 841 317 890 tem
341 815 547 888 mandatam
574 815 750 892 accederet.
773 823 795 862 ⁸³
845 825 938 916 Opus
954 823 1052 914 igitur
1076 822 1141 892 hoc
1163 849 1204 894 eo
1225 821 1360 901 consiliu

249 913 458 1014 composuit,
488 941 525 985 vt
543 921 703 988 centurias
728 903 1016 1014 magdeburgenses
1036 947 1251 1018 oppugnaret,
1278 951 1359 1022 quas

255 1025 418 1092 cauteriat
434 1013 568 1115 fiebant,
597 1023 740 1112 apertis
760 1021 875 1111 inseris
907 1029 941 1088 in
967 1023 1084 1117 caeleste
1135 1033 1362 1098 detrimentum

255 1114 420 1221 progreffles
438 1143 511 1188 non
537 1117 602 1188 sine
624 1121 777 1186 conuicio
799 1120 959 1216 adpellat;
991 1121 1029 1168 **
1059 1147 1136 1194 rato
1161 1149 1269 1196 autem
1289 1127 1360 1197 illa·

257 1243 325 1290 rum
350 1214 498 1314 expresse
524 1221 674 1286 meminit
701 1219 830 1315 hocque
859 1221 1056 1316 prudenter,
1081 1227 1363 1320 quemadmodum

256 1317 408 1394 nonnulli
435 1316 684 1412 pontificiorum
706 1321 928 1404 contendunt,
955 1321 1074 1406 omisit,
1098 1350 1138 1395 ne
1159 1327 1270 1396 crebra
1285 1329 1381 1396 isla·-

256 1445 326 1491 tum
345 1423 477 1488 mentio
498 1422 534 1488 in
551 1418 711 1489 lectorum
730 1423 846 1490 animis
873 1423 1083 1517 cupiditatem
1101 1431 1265 1512 excitaret,
1284 1452 1360 1514 cen·

258 1525 354 1590 turias
368 1513 454 1614 ipsas
487 1518 683 1602 euoluendi,
717 1544 856 1616 quatum
873 1520 1014 1595 lectione
1029 1525 1108 1594 nihil
1124 1527 1282 1596 exitiosius
1301 1552 1359 1596 co-

258 1624 351 1716 gitati
373 1614 490 1713 posset.
549 1625 630 1688 Sunt
649 1619 714 1687 duo
732 1643 770 1688 ac
797 1621 910 1692 decern
928 1623 1098 1693 volumina
1121 1627 1240 1696 horum
1261 1651 1360 1700 anna·

258 1723 332 1808 baare
349 1717 611 1812 ecclefiasbicorum
633 1719 763 1814 hacque
776 1723 915 1793 totidem
933 1721 1034 1794 secula
1051 1726 1322 1821 complectuntur,
1339 1750 1359 1796 a

261 1845 336 1906 natu
362 1819 483 1889 chaillo
508 1843 608 1914 vsque
633 1817 674 1888 ad
703 1845 828 1892 annum
852 1827 1175 1921 nschV111.Saepius
1204 1826 1259 1895 illa
1279 1851 1360 1922 pro·

261 1923 388 1992 dierunt
414 1943 452 1988 ac
477 1923 647 1989 materiam
678 1921 856 1992 multorum
883 1921 1023 1995 aliorum
1047 1923 1238 2022 scriptorum
1277 1951 1357 2022 pra·

262 2021 411 2104 buerunt,
436 2019 554 2116 quibus
577 2043 614 2090 ea
632 2025 770 2089 nuncin
791 2027 955 2116 epitomas
980 2023 1107 2095 redacta
1131 2051 1168 2095 ac
1184 2031 1358 2096 continua-

261 2145 309 2200 tae
335 2145 428 2192 nunc
454 2123 655 2204 examinata,
680 2118 853 2192 confutata
883 2147 918 2189 ae
936 2122 1064 2194 defensa
1082 2123 1167 2202 sunt.
1217 2131 1271 2198 De
1298 2125 1359 2196 fin·

260 2221 339 2320 gulis
363 2245 484 2293 eorum
508 2220 678 2314 generibus
699 2226 766 2290 iam
793 2221 939 2291 dislincte
955 2247 1130 2318 exponam.

338 2325 477 2394 Initium
496 2327 619 2392 notitiae
639 2321 733 2390 huius
754 2318 843 2390 fario
867 2320 907 2389 ab
928 2319 1128 2393 editionibus.
1181 2327 1285 2394 Prima
1304 2349 1360 2396 ea-

262 2447 331 2496 rum
349 2423 395 2496 est
410 2447 552 2492 romanu.
602 2426 689 2492 Exiit
710 2420 765 2490 illa
785 2427 898 2492 Roma
913 2444 951 2491 ex
971 2424 1185 2520 typographia
1210 2429 1360 2495 vaticana

263 2525 302 2594 ab
323 2547 415 2596 anno
436 2539 675 2597 MDLxxxvul.
703 2520 743 2589 ad
765 2541 915 2596 MDcvll.
944 2523 1120 2594 duodecim
1137 2524 1359 2595 voluminibus

264 2621 324 2698 sol.
337 2627 395 2670 ff*
411 2649 451 2694 ac
466 2643 635 2718 tamquam
653 2626 777 2715 optima
794 2619 986 2715 singularem
1005 2624 1167 2696 honorem
1186 2648 1283 2722 atque
1302 2649 1360 2694 au·

268 2731 447 2796 uonntem
461 2723 549 2818 apud
565 2721 742 2792 nonnullos
764 2721 821 2792 fibi
839 2723 1036 2794 conciliauit.
1056 2729 1073 2770 *
1124 2724 1358 2822 Pollptimam

268 2825 351 2896 ltanc
370 2825 549 2896 editionem
578 2825 685 2892 multae
704 2821 771 2890 alite
792 2822 898 2894 lucem
921 2823 1082 2906 viderunt,
1106 2849 1185 2921 quas
1207 2819 1359 2898 adcurate¹

265 2923 457 3021 percensere,
478 2948 527 2993 res
548 2919 616 2991 fere
636 2923 679 2993 ell
696 2922 807 3004 ardua,
830 2948 932 3018 quum
961 2923 1130 2994 difficulter
1153 2925 1221 2995 sieri
1242 2925 1357 3020 potest,

264 3046 299 3094 vt
313 3031 384 3122 quis
404 3024 470 3122 ipse
486 3047 601 3092 omnes
618 3023 689 3091 illas
707 3021 876 3117 adspiciam
901 3021 1068 3120 scriptores
1093 3051 1201 3095 autem
1228 3029 1262 3094 in
1280 3049 1359 3096 enu-

263 3125 426 3197 merandis
443 3129 481 3193 iis
495 3121 615 3193 interse
634 3121 828 3216 discrepant:
853 3148 940 3192 nunc
961 3123 1086 3219 plutes;
1119 3150 1207 3194 nunc
1224 3130 1360 3220 paucio·

263 3250 310 3296 tes
332 3225 462 3296 illarum
483 3224 664 3294 adducunt:
695 3227 798 3292 immo
816 3222 892 3292 alias
913 3249 988 3295 cum
1011 3223 1079 3293 aliis
1094 3223 1305 3294 confundunt
1322 3249 1359 3293 ac

263 3327 423 3422 quasdam
458 3345 662 3406 memorant,
701 3347 770 3418 quae
796 3327 831 3392 in
852 3325 955 3394 lucem
991 3349 1174 3420 numquam
1204 3329 1360 3412 exierunt,

262 3427 394 3524 hocque
410 3430 547 3494 nomine
566 3446 637 3492 tuto
654 3448 709 3492 eos
726 3421 830 3519 sequi,
855 3425 1029 3495 nonlicet.
1080 3423 1222 3494 Sufficiat
1250 3429 1359 3518 igitur,

263 3525 330 3598 illas
343 3521 514 3606 enarrasse,
533 3548 613 3620 quas
641 3529 780 3593 omnino
799 3520 961 3620 prodiisse,
975 3550 1035 3621 pro
1057 3547 1146 3594 certo
1169 3524 1359 3596 habendum

265 3629 316 3700 all.
365 3635 519 3726 Spectant
549 3625 613 3694 huc
650 3622 835 3721 sequentes:
876 3626 1112 3727 antuerpieufis,
1141 3645 1359 3703 MDLxxxlx.

261 3939 279 3985 ⁸
296 3935 363 4016 vide
377 3951 601 3998 aauuauavu
625 3932 655 3991 in
669 3947 794 4012 purpura
813 3928 925 4002 sanem
937 3928 987 4003 seu
1003 3923 1192 4000 uieaBarotu'e',
1204 3947 1270 3989 eum
1289 3931 1364 3992 eius·

281 4021 349 4084 dem
366 4019 457 4100 elogiis
481 4036 498 4076 a
519 4033 666 4076 tartaro
682 4015 786 4074 iterum
806 4011 892 4083 edita,
904 4012 965 4073 bbr.
986 4025 1075 4089 neap.
1094 4021 1140 4077 18.
1155 4033 1185 4093 p.
1208 4031 1257 4086 47.
1282 4029 1311 4072 et
1327 4013 1361 4073 in

281 4110 341 4166 vita
358 4104 520 4165 Neaition.
546 4118 593 4160 vt.
610 4116 695 4161 atter.
708 4101 826 4172 laetetur.
848 4099 911 4157 mi.
929 4098 1041 4175 P··5l⁶·
1304 4121 1306 4130 =

263 4199 293 4248 ⁸
311 4205 344 4265 in
416 4203 520 4264 riarum
539 4201 652 4262 actione
675 4196 712 4258 ad
733 4196 901 4278 Philippum
919 4196 1063 4268 Nerium,
1090 4212 1163 4256 anteo
1179 4213 1260 4257 tur.
1281 4217 1363 4259 anta-

287 4285 349 4348 liuai
363 4287 503 4351 subiecta,
521 4285 569 4346 vbi
587 4285 673 4343 etiam
692 4281 794 4342 diserte
814 4281 937 4351 rellatur,
956 4280 982 4339 le
1007 4297 1041 4338 eo
1056 4280 1154 4337 auimo
1173 4276 1208 4336 ad
1225 4280 1363 4341 erutalium

290 4387 359 4449 opus
382 4367 619 4446 componendum
644 4361 789 4436 accessisse,
815 4363 1071 4426 renuntiatores
1102 4359 1364 4446 magdeburgenses

290 4467 477 4534 oppugnaret.
925 4465 928 4474 ¹

272 4545 315 4588 Ψ
333 4549 501 4610 uacbrrebeen
520 4569 573 4609 aon
594 4553 666 4608 einer
683 4540 820 4621 bulliftbett
835 4537 979 4615 bibliothec,
992 4539 1081 4600 vomet
1099 4559 1139 4601 tr.
1150 4559 1180 4618 p.
1191 4557 1258 4616 ²¹4·
1279 4563 1366 4608 m.

299 4649 389 4693 utut
418 4635 449 4692 iu
467 4633 636 4714 arsinoen-qu.
655 4627 766 4704 turicas.
783 4625 921 4704 billetiqa.
946 4643 973 4682 et
988 4642 1176 4705 etiamnum.
1190 4643 1227 4685 rt.
1245 4645 1273 4706 p.
1292 4651 1364 4708 443,

274 4711 362 4774 ‘tide
391 4715 550 4780 ituatur
578 4735 622 4778 ur
644 4727 808 4776 tnrsuur
828 4709 941 4792 euolog.-
956 4706 1001 4776 set
1018 4707 1111 4790 bellur.
1128 4723 1232 4787 prpe.
