3225 5509
655 633 972 686 rocsrsrttrrc.
1209 621 1218 644 ¹
1276 632 1358 708 μς
1439 689 1445 696 ,

235 731 1358 776 mmm-

725 781 762 884 ς’.
812 795 893 882 Ἣ.

308 909 406 1012 Qut
424 904 472 988 ad
497 903 788 1017 vltimampitae,
814 930 834 982 a
866 903 943 983 iesu
962 901 1095 979 christo
1115 903 1211 1018 inter
1232 925 1365 986 morta.

229 1011 270 1088 les
289 1029 393 1094 acta,
419 1025 569 1184 partem
585 1025 796 1105 pertinent,
826 1031 846 1081 a
868 1029 1033 1102 tempore
1057 1029 1288 1086 cruciatuum
1305 1013 1365 1086 vs.

230 1135 290 1212 que
306 1107 352 1186 ad
371 1107 418 1184 ati
433 1107 584 1190 censum
602 1105 644 1186 in
673 1110 821 1200 calum,
852 1106 898 1186 iis
923 1105 1145 1184 illustrandis
1178 1129 1289 1212 atque
1328 1135 1366 1192 e.

229 1209 405 1292 narrandis
428 1209 568 1290 itidem
585 1207 809 1288 eruditissimi
826 1207 895 1288 viti
917 1231 1062 1299 operam
1089 1206 1290 1307 dederunt,
1303 1211 1363 1299 ita,

230 1333 261 1394 vt
278 1336 354 1388 non
375 1309 495 1390 solum
516 1308 704 1391 historiam
727 1308 858 1388 hatum
883 1333 1025 1398 rerum,
1058 1307 1102 1383 ab
1130 1315 1366 1414 euangelistis

231 1409 350 1492 adflatu
388 1431 500 1514 atque
526 1409 703 1494 instinctu
725 1407 871 1510 spiritus
901 1409 1016 1486 sancti
1043 1409 1229 1497 traditam,
1250 1438 1367 1518 gene.

229 1513 320 1592 ratim
350 1511 678 1612 interpretarentur
693 1535 704 1600 ς
741 1535 872 1590 verum
903 1510 1013 1587 etiam
1039 1507 1234 1612 singularia
1266 1517 1366 1596 iilius

229 1633 434 1718 argumenta
457 1617 706 1716 explanarem.
758 1609 1010 1725 comprobant
1027 1608 1099 1686 hoc
1124 1611 1207 1688 satis
1224 1614 1366 1718 scripta,

231 1715 356 1794 abillis
374 1713 496 1798 edita,
523 1739 683 1814 quorum
704 1737 782 1794 non
808 1731 995 1816 exiguus3
1026 1709 1087 1792 sed
1107 1737 1267 1814 magnus
1297 1743 1368 1794 nu.

232 1839 339 1896 tnerus
363 1815 427 1892 est.
479 1817 650 1894 Fuerunt
667 1835 858 1913 praterea,
884 1811 951 1987 appi
980 1812 1236 1926 perquirerent
1256 1837 1373 1918 atque

233 1912 504 2098 ihrppestigarent,
529 1919 680 2024 qualem
699 1913 852 1992 formam
878 1939 897 1990 c
927 1911 999 1990 rillr
1022 1937 1157 2018 corpus
1174 1913 1369 2022 faciesque

294 2037 399 2100 uetrt.

342 2155 461 2248 Qum
477 2145 690 2244 scriptorum,
710 2143 827 2240 quibus
845 2143 976 2216 historia
997 2147 1199 2215 cruciatuum
1215 2169 1252 2214 ac
1280 2172 1370 2222 mor.

272 2251 309 2322 tis
329 2249 398 2321 iesu
427 2249 532 2318 christi
557 2271 595 2318 ex
623 2245 866 2323 commentariis
896 2243 1161 2336 euangelistarum
1193 2254 1371 2338 generatim

274 2369 420 2426 enarrata
440 2369 537 2444 atque
554 2347 711 2442 explicata
731 2344 815 2435 fuit,
838 2367 975 2442 magnus
993 2342 1036 2411 est
1050 2365 1203 2412 numerus
1221 2365 1317 2441 atque
1332 2349 1372 2422 il.

274 2443 302 2519 le
328 2449 431 2516 etiam
449 2447 535 2513 inter
560 2448 725 2538 exegetica
756 2445 879 2536 ingenii
911 2445 1116 2514 monimenta
1133 2450 1296 2516 numerari
1316 2448 1372 2518 de.

274 2545 374 2630 beot,
397 2549 466 2614 iam
488 2544 638 2644 quadam
661 2563 788 2617 tantum
805 2566 922 2612 corum
943 2542 984 2612 ad
1012 2541 1124 2614 locum
1149 2544 1237 2618 hunc
1256 2544 1375 2620 referre
1408 2543 1413 2554 '

275 2643 361 2729 libet,
397 2647 539 2714 maxime
562 2669 612 2732 ea,
634 2665 704 2739 qua
722 2663 881 2712 nontam
896 2641 1022 2721 verbist
1054 2666 1155 2737 quam
1184 2643 1256 2744 ipsis
1278 2646 1372 2718 rebus

277 2743 478 2839 ltilloriaequc
508 2744 615 2820 christi
642 2743 750 2814 lucem
772 2741 961 2840 praeferunt.
1042 2743 1257 2838 Reliquorum
1282 2771 1376 2823 men-

281 2851 401 2920 tionem
412 2843 558 2926 faciam,
588 2843 723 2940 quando
744 2841 880 2931 scrita,
907 2841 947 2912 ad
968 2841 1047 2912 sacri
1072 2844 1193 2916 codicis
1218 2850 1376 2943 interpre-

280 2949 442 3018 tationem·
461 2949 674 3040 pertinentia,
700 2867 884 3016 recensebo.
958 2949 1040 3012 Satis
1063 2947 1162 3037 igitur
1191 2941 1252 3022 elle
1274 2970 1376 3048 puto,

278 3043 591 3126 scommemoratio
612 3044 746 3114 illorum
769 3041 843 3124 fiat,
870 3068 940 3140 quae
960 3068 1048 3116 nunc
1072 3043 1257 3140 sequuntur.

364 3169 546 3226 irruere.
573 3167 766 3214 mvrrrnr
794 3141 919 3238 hillario
936 3142 1097 3242 ptffiom's,
1116 3142 1332 3238 crucifixionis
1348 3167 1380 3226 et

271 3239 433 3346 sepultum
451 3241 513 3342 ieſst
529 3243 639 3339 christi
651 3298 661 3329 ,
689 3248 778 3314 notis
806 3243 1018 3340 theologicis,
1050 3244 1228 3329 historicis,
1260 3253 1378 3320 criticis

280 3349 433 3424 illustrata
461 3371 500 3422 ac
529 3346 651 3440 septem
680 3342 952 3438 disputationibus
980 3342 1178 3438 proposta,
1213 3348 1380 3424 Rollochii

281 3465 440 3524 MDchl.
458 3470 494 3538 4.
527 3469 625 3542 atque
639 3450 758 3515 iterum
781 3445 836 3514 sub
863 3443 987 3521 titulo:
1021 3441 1097 3530 ielirt
1128 3452 1275 3542 patiens,
1310 3475 1380 3522 cm.

247 3555 251 3562 '
281 3555 369 3620 teria
400 3565 549 3619 normam
577 3545 745 3638 bitorico.
763 3543 1009 3639 theologicarum
1035 3543 1222 3637 illustratus,
1260 3547 1382 3626 ibidem

282 3665 509 3739 mmmm.
559 3646 655 3722 Liber
681 3647 753 3728 hic,
783 3645 906 3716 erudite
937 3671 974 3716 ac
1009 3649 1060 3748 pie
1089 3644 1222 3742 scriptus
1251 3649 1382 3747 hocque
1445 3653 1447 3657 ’

283 3753 421 3828 nomine
437 3749 578 3824 multum
593 3745 875 3820 commendandus
894 3793 903 3827 ‚
932 3751 1116 3839 germanice
1149 3746 1321 3820 conuersus
1339 3753 1383 3822 est

284 3849 389 3920 [ludio
398 3848 529 3918 Andreae
550 3852 720 3940 Hartuigt
732 3846 853 3915 Arndt'i
867 3871 904 3914 ac
921 3846 977 3916 sub
993 3846 1221 3941 inscriptione:
1251 3849 1311 3920 der
1327 3853 1385 3922 let.

282 3949 385 4024 dende
416 3947 516 4042 infiste
543 3951 617 4020 oder
636 3947 773 4024 bendere
795 3945 1013 4040 vortreflicber
1038 3949 1287 4045 aamerckrtngett
1310 3951 1386 4025 vbcr

282 4053 335 4128 die
363 4048 488 4141 historie
516 4049 573 4119 der
598 4049 714 4124 itidem
731 4048 798 4116 ond
830 4049 918 4118 tudes
941 4046 1046 4141 vrtstrt
1073 4046 1258 4142 splendet,
1294 4058 1385 4126 Mar·
1465 4069 1470 4078 '

285 4151 425 4244 tisburgi
444 4169 638 4224 MDchxv.
656 4162 690 4232 8.
714 4147 822 4246 Lipstae
836 4166 1048 4223 ntDCLxxlx.
1060 4161 1092 4234 8.
1109 4172 1141 4227 et
1158 4175 1222 4220 vna
1240 4177 1314 4222 cum
1333 4161 1388 4226 tri·

284 4253 347 4324 bus
374 4250 490 4322 libellis
519 4249 663 4321 eiusdem
692 4247 758 4318 fere
790 4255 993 4345 argumenti,
1027 4251 1138 4326 itidem
1160 4276 1197 4322 ex
1229 4253 1328 4325 latina
1352 4262 1387 4332 in

282 4357 510 4452 germanicam
535 4351 681 4444 linguam
713 4351 899 4438 translatis,
931 4374 1110 4420 ouonorr
1152 4352 1300 4423 videlicet
1327 4382 1387 4424 cr-

259 4449 409 4526 'rrxrr
447 4456 728 4529 commentatione
759 4450 797 4518 de
830 4475 907 4519 vcra
934 4459 1038 4518 crucis
1060 4453 1188 4539 fornia:
1226 4477 1282 4522 ro.
1319 4481 1391 4526 mr.

288 4577 447 4638 crealis.
482 4577 697 4632 profluent
734 4550 972 4645 consideratione
993 4547 1126 4648 paffionit
1163 4549 1270 4645 christi
1296 4559 1392 4650 pbilo-

454 4687 460 4694 ·
792 4656 825 4728 1)
898 4674 913 4740 5
1293 4656 1391 4750 logica
