3225 5509
1165 446 1344 529 teris
1385 427 1815 543 confignata
1853 436 1987 515 fint
2037 458 2259 536 atque
2294 436 2494 513 edita
2528 432 2801 537 partim

1170 566 1524 628 romaum
1567 540 1829 645 partim
1868 564 1907 613 a
1945 536 2551 637 protestantibus,
2608 544 2711 615 vti
2746 534 2840 614 di÷

1365 652 1610 747 'Qum
1655 642 1901 715 diuersa
1931 632 2076 712 sunt
2114 642 2749 735 martyrologiorum
2796 666 2840 739 g

1273 754 1652 821 ctoritatem
1684 749 2000 839 praecipue
2027 740 2272 811 habent
2319 742 2493 836 apud
2526 741 2773 811 latinos
2806 768 2829 821 ς

1273 874 1549 946 graecos,
1617 846 1911 915 distincte
1939 840 2046 913 ina
2080 840 2447 939 percensere
2466 864 2660 939 atque
2689 846 2839 914 initi

1273 950 1627 1045 tyrologiis
1684 946 2079 1025 latinorum3
2136 941 2262 1012 stne
2316 940 2585 1013 ecclefiae
2629 944 2840 1015 occid«

1273 1054 1454 1123 Inter
1518 1048 1629 1119 illa
1688 1040 2171 1117 vetustiffimum
2210 1042 2299 1113 est
2326 1098 2345 1125 ,
2408 1042 2593 1137 quod
2664 1066 2840 1115 urz]

1273 1176 1406 1249 prae
1440 1148 1500 1221 se
1534 1146 1698 1229 fert,
1760 1145 2006 1216 editum
2040 1147 2321 1241 primum
2368 1167 2403 1212 a
2434 1148 2609 1227 Luca
2644 1144 2840 1221 Dacb«

1276 1248 1673 1345 amplissimo
1724 1249 2207 1315 commentario
2250 1264 2443 1340 atque
2498 1244 2771 1317 eruditis
2834 1283 2840 1308 ι

1272 1348 1602 1443 francisco
1636 1352 1858 1417 Maria
1906 1348 2328 1439 Florentium,
2382 1343 2493 1415 sub
2556 1345 2795 1416 titulo:

1273 1453 1426 1519 talis
1450 1448 1692 1539 ecclefiae
1730 1448 2251 1543 martyrologium
2277 1497 2299 1539 ,
2368 1450 2753 1541 Hieronymo
2781 1474 2822 1519 a

1281 1546 1589 1635 waffrido
1610 1598 1629 1624 ‚
1664 1548 1937 1616 Notkero
1964 1548 2112 1615 aliis
2157 1572 2230 1615 ue
2264 1542 2667 1647 (baptor-ibus
2714 1546 2840 1621 trib

1273 1672 1364 1719 cae
1395 1664 1819 1721 MDchvnl.
1850 1644 1973 1715 fol.
2076 1646 2125 1714 11
2152 1646 2239 1717 ud
2288 1648 2371 1718 ad
2406 1652 2840 1743 Hieronymu:

1273 1770 1554 1839 ctorem,
1583 1742 1999 1817 referendum
2031 1742 2153 1817 effe
2174 1795 2193 1829 ‚
2230 1746 2335 1818 alii
2368 1746 2761 1831 adfirmarim
2790 1752 2840 1797 *³

1269 1844 1564 1921 tionibus
1605 1872 1751 1917 non
1792 1848 2289 1918 contemnendis
2344 1850 2673 1933 instructi,
2726 1878 2840 1951 neg

1365 1949 1593 2023 Media
1632 1970 1817 2019 aetate
1850 1948 2061 2043 plures
2096 1950 2503 2031 exstiterunt,
2542 1957 2657 2047 qui
2698 1954 2771 2025 id
2832 1985 2840 2019 ι

1271 2055 1490 2125 moria
1523 2073 1755 2145 resque
1796 2070 2157 2140 martyrum
2192 2050 2541 2143 posteritati
2568 2076 2840 2127 comme

1273 2176 1405 2248 que
1446 2156 1516 2220 in
1559 2173 1699 2220 rem
1732 2148 2082 2219 scriberent
2128 2151 2624 2246 martyrologia.
2738 2158 2837 2227 Ex

1271 2253 1356 2323 ad
1385 2276 1510 2321 nos
1547 2249 1759 2321 delata
1787 2248 1970 2334 sunt,
2004 2274 2145 2345 quae
2184 2274 2361 2321 nunc
2384 2250 2747 2349 sequuntur
2772 2284 2792 2325 ε

1429 2374 1703 2421 εευᾼε
1758 2352 2321 2447 martyrologium,
2384 2352 2569 2449 quod
2629 2358 2840 2450 prodi:

1265 2472 1410 2523 tum
1447 2450 1669 2521 multis
1701 2450 1917 2521 modis
1950 2452 2023 2521 in
2070 2455 2261 2521 variis
2298 2450 2469 2523 illius
2519 2474 2809 2549 operum

1261 2558 1544 2647 paratim
1573 2554 1949 2649 Antuerpiae
1972 2568 2261 2626 MDLXV.
2290 2574 2393 2627 12.
2444 2574 2587 2625 tum
2620 2580 2840 2653 germz
