3225 5509
552 646 870 702 zecsrsrnsrrc.
1209 656 1279 729 ²¹3

203 802 235 862 tr
272 779 428 853 obscura
457 804 573 857 aurem
592 786 649 857 illa
683 786 748 871 est,
784 814 825 859 ac
852 792 932 887 quid
966 797 1127 867 Rurnetus
1160 798 1282 893 fignifi-

203 906 220 953 e
239 880 411 966 soluerit,
434 882 613 958 difficulter
628 912 668 957 ex
698 912 736 958 ea
766 890 967 987 intelligitur.
1019 896 1154 969 Librum
1174 902 1279 993 iplitm

203 974 309 1074 hali:
329 1006 536 1055 serenans
570 1010 656 1081 opus
681 988 721 1059 de
730 987 898 1085 schismate
927 998 1104 1093 anglicane,
1124 1000 1277 1091 postona
1349 1058 1352 1071 .

203 1080 512 1181 aper‘censendum,
540 1086 751 1157 occafioncm
790 1089 946 1184 praebuit,
978 1116 1083 1187 quum
1109 1096 1162 1179 id,
1197 1122 1276 1169 cura

203 1180 300 1279 ἰβ
322 1182 566 1255 lentamur
587 1186 703 1279 gallice
717 1188 921 1271 conuerfim,
943 1196 978 1261 in
997 1191 1168 1287 publicum
1193 1220 1274 1289 pro.

203 1284 465 1381 aecpofflare
478 1284 654 1370 videretur,
678 1312 713 1357 vt
730 1292 801 1383 quis
825 1287 966 1361 trullam
984 1290 1120 1361 ecclestae
1134 1295 1270 1389 anglicae

203 1403 264 1459 ΙΙ.
311 1388 432 1475 Erant,
454 1390 514 1483 qui
545 1390 722 1457 Rurnetum
742 1388 783 1457 ad
805 1394 979 1483 negotium
1004 1392 1070 1459 hoc
1095 1390 1271 1489 suscipien-

203 1487 438 1569 liueirarenr,
466 1490 618 1581 inprimis
642 1486 810 1583 episcopus
835 1490 1073 1583 wigornienfis,
1101 1494 1207 1585 Loyd,
1227 1519 1267 1563 ac

203 1568 305 1678 ὼ
325 1590 494 1657 barnerus
518 1584 652 1657 illorum
676 1588 839 1657 voluntati
865 1589 1002 1659 resistere
1023 1589 1176 1661 nolebat:
1201 1598 1266 1663 im·

203 1685 244 1755 t2'
317 1684 429 1781 probe
447 1684 669 1782 perspiciebat,
694 1687 725 1759 le
748 1692 872 1757 ciuitati
895 1689 1071 1760 christiana
1090 1693 1125 1759 in
1142 1691 1266 1785 Anglie

220 1796 238 1866 ’,
291 1810 301 1825 ·
321 1806 358 1857 et
370 1784 491 1856 debere
504 1784 679 1868 consulere,
692 1788 732 1857 ad
749 1812 834 1884 opus
853 1790 919 1859 hoc
939 1787 971 1859 se
993 1789 1145 1860 admouit
1165 1791 1264 1860 illud-

224 1905 269 1957 τι
285 1883 378 1957 dicto
395 1884 555 1981 episcopo
573 1906 669 1983 atque
695 1889 763 1959 aliis
780 1888 923 1985 adiutus,
945 1909 1013 1959 tam
1027 1887 1165 1960 feliciter
1179 1915 1260 1960 con-

238 1997 304 2057 “rt
323 1984 502 2083 postquam
520 1990 641 2081 primus
658 1992 725 2058 eius
747 2010 856 2059 tomus
876 1994 912 2059 in
935 1989 1147 2085 conspectum
1169 1990 1259 2061 orbis

203 2081 264 2168 ἢ
279 2084 472 2185 prodierat,
494 2084 632 2171 senatus,
654 2093 710 2183 qui
731 2090 965 2185 parlamentum
989 2111 1150 2177 vocatur,
1164 2114 1260 2159 men.

256 2183 450 2259 ‘deambris
476 2210 516 2255 ac
547 2190 689 2257 ianuarii
723 2212 888 2259 annorum
924 2207 1123 2263 Mneuxxx·
1172 2208 1258 2263 Mne

218 2371 222 2378 Δ
262 2288 280 2334 ’·
303 2305 548 2383 congregatus,
579 2288 783 2369 decerneret,
822 2288 879 2383 ipss
904 2311 967 2382 pro
992 2290 1122 2381 egregia
1156 2310 1258 2381 opera

203 2379 287 2470 hs
307 2392 432 2485 gratias
460 2412 569 2483 agere.
620 2392 727 2458 Prima
747 2388 886 2457 historia
911 2389 1007 2456 huius
1024 2411 1099 2483 pars
1117 2384 1257 2457 ostendis

203 2481 295 2584 ’βας
319 2484 527 2585 progressum
541 2488 781 2559 emendationis
809 2487 976 2559 sacrorum
996 2508 1146 2585 tempore
1170 2492 1254 2581 regis

203 2587 374 2678 ffivm·
402 2586 542 2659 secunda
563 2610 703 2671 enarrat,
727 2589 902 2685 quomodo
932 2610 1040 2684 coepta
1066 2588 1253 2660 emendatio

232 2765 262 2782 ἱ,
359 2686 536 2785 fit'atque
563 2689 708 2760 absoluta
735 2687 792 2760 sub
819 2694 932 2783 regina
952 2688 1154 2785 Elisaberha,
1180 2713 1251 2786 quae

205 2869 219 2884 Ι,
259 2791 375 2887 ’,γαπ
404 2794 582 2861 coniuncta
615 2790 672 2860 subi
702 2789 801 2859 habet
847 2790 1066 2873 documenta,
1087 2814 1152 2861 vna
1174 2814 1252 2861 cum

203 2885 393 2990 §hardi
419 2909 470 2967 vl.
491 2890 617 2974 diario,
638 2915 712 2961 eam
731 2890 777 2960 ob
797 2888 937 2960 caullam
958 2890 1080 2973 addita,
1101 2913 1137 2960 vt
1154 2890 1250 2960 rebus

203 2983 295 3100 ᾖ
309 2988 412 3063 fidem
430 2988 588 3063 facerent.
635 2996 678 3062 ln·
691 3014 783 3088 parte
796 2990 937 3088 denique
950 2995 1044 3060 tertia
1064 3014 1114 3075 ea,
1132 3014 1203 3085 que·
1215 2994 1252 3057 in

203 3075 273 3164 fle
298 3090 463 3187 prioribus
490 3092 606 3162 tradita
628 3089 723 3174 sunt,
749 3114 789 3163 ex
809 3090 949 3163 aliorum
968 3090 1080 3167 libris,
1103 3111 1160 3159 aut
1176 3088 1252 3157 scri.

235 3190 340 3265 «hd
370 3192 489 3289 editis,
516 3190 724 3287 supplentur,
766 3192 1004 3274 emendantur,
1031 3190 1252 3260 vindicantur.

301 3290 359 3363 illa
379 3313 457 3363 acta
475 3292 626 3389 publica,
650 3291 798 3387 epistolas
834 3314 934 3388 atque
955 3290 1018 3359 alia
1037 3294 1164 3385 generis
1189 3289 1254 3357 hu-

223 3377 231 3402 *
299 3394 308 3410 ¹
389 3414 424 3463 ta
443 3416 483 3461 ac
500 3416 570 3489 quae
587 3390 903 3490 accellrtgadpendix
915 3390 956 3459 ad
973 3391 1041 3459 cluo
1059 3394 1170 3485 priora
1186 3412 1254 3457 -νο-

247 3486 251 3491 ’
302 3490 536 3589 complectitur
557 3494 816 3587 emendationes,
844 3492 885 3563 ab
909 3494 1023 3561 amicis
1043 3484 1252 3585 transmissas,

219 3673 223 3679 ‚
276 3670 282 3678 ,
343 3596 470 3683 tiones,
489 3593 537 3663 'ab
561 3616 693 3663 auctore
713 3597 861 3686 agitatas.
911 3596 1071 3661 Rurnetus
1095 3588 1253 3685 impleue-

203 3683 349 3792 [judam
366 3692 451 3764 boni
477 3690 621 3763 historici
647 3716 752 3789 partes
779 3714 879 3790 atque
906 3695 998 3787 operi
1018 3688 1076 3761 suo
1094 3690 1254 3785 infignem

203 3787 378 3877 Μαι
410 3792 704 3872 existimationem
729 3816 800 3863 non
821 3792 996 3865 defuerunt
1019 3814 1153 3874 tamen,
1182 3792 1253 3885 qui,

203 3878 360 3994 ᾘίία,
383 3892 436 3965 vel
461 3916 570 3991 ptauae
602 3893 758 3965 doctrinae
789 3893 895 3963 studio
927 3893 1084 3977 adducti,
1108 3893 1196 3961 varia
1217 3890 1254 3956 in

203 3990 502 4092 morderent,
528 3998 752 4065 nominatim:
798 3999 838 4085 1)
874 4016 1033 4069 nsrrorr.
1060 4009 1256 4063 vnnruua·

203 4085 308 4167 'Ut-'n
336 4093 466 4193 histoire
492 4094 551 4167 der
568 4096 767 4166 reuolurions
791 4092 931 4164 erriur'er
967 4092 1050 4165 dane
1078 4091 1100 4160 Ρ
1134 4093 1255 4184 Europe

203 4203 349 4288 'Uere
390 4200 433 4267 de
465 4198 621 4295 religion,
668 4200 721 4265 cui
774 4218 992 4267 uvnuurvs
1028 4188 1257 4289 obseruationes

203 4299 328 4372 rearis
351 4292 473 4369 librum
497 4322 612 4369 nonum
647 4296 802 4393 Varillrsti
835 4294 967 4390 historia
996 4289 1160 4390 opposuit,
1188 4289 1258 4380 pri-

203 4426 228 4476 n
246 4398 385 4497 anglice
395 4424 410 4479 e,
427 4399 548 4471 deinde
568 4398 682 4495 gallice
702 4420 836 4468 auctore
858 4399 977 4468 clerico
998 4394 1111 4473 editas,
1130 4386 1259 4459 Amste-

203 4506 260 4577 mi
293 4506 547 4578 MDCLXXXVI.
574 4518 630 4573 12.
661 4521 830 4596 quumque
861 4514 1134 4565 vintrunsrvs
1171 4482 1260 4556 adse

203 4600 390 4698 radendum
403 4606 441 4675 iu
465 4602 575 4677 lucem
585 4596 763 4699 proferret:
775 4592 895 4702 repense
909 4620 928 4671 r
941 4595 971 4668 le
989 4596 1129 4693 critique
1141 4586 1259 4764 deer.

703 4706 736 4773 0
762 4722 780 4794 3
1205 4707 1261 4753 ur,
