3225 5509
653 661 961 712 tccttstrsrrc.
1298 661 1370 734 413

259 833 379 904 Μανία
403 831 545 924 virginit
572 833 715 924 coniuge.
737 823 932 924 *Pleraque
965 829 1084 899 horum
1110 829 1304 928 scriptorum
1326 859 1376 907 at·

258 957 326 1030 que
350 929 512 1011 aliorum,
542 953 614 1024 quae
652 927 789 1023 praesulis
836 933 965 998 romani
1006 929 1133 1000 adsecla
1165 935 1375 1030 <uulgarum

261 1057 332 1103 non
348 1053 463 1099 veram
480 1027 671 1105 historiam3
695 1027 748 1098 sed
766 1033 883 1099 nimias
903 1028 1104 1101 laudationes
1121 1032 1265 1128 Ioscplti‚
1295 1062 1373 1110 curn

262 1131 372 1204 multis
397 1129 516 1200 fabulis
546 1133 764 1212 coniunctas,
797 1131 949 1200 exhibent
978 1131 1128 1228 hancque
1156 1135 1200 1204 ob
1229 1135 1373 1210 cauffant

262 1257 380 1330 parurn
399 1231 489 1300 utilia
499 1227 582 1300 sunt.
633 1229 804 1300 Vberiorcs
832 1229 958 1300 fructus
979 1239 1274 1306 commentationes
1289 1261 1372 1334 prae-¹

264 1335 364 1414 bent,
392 1353 474 1426 quas
493 1330 532 1399 de
555 1327 693 1424 losepho
715 1331 780 1398 hoc
794 1331 950 1400 nostrates
979 1330 1169 1426 scripserunt
1199 1339 1305 1433 iisque
1316 1364 1371 1408 vt·

265 1457 336 1506 rum
376 1429 500 1502 afalso
531 1429 707 1500 discernere
734 1431 933 1500 studuerunt.
985 1437 1121 1504 Generis
1153 1437 1248 1506 huius
1274 1435 1370 1511 sunt:

250 1559 325 1608 ·ro.
361 1555 528 1602 cnuvstr
560 1539 748 1601 exercitatio
775 1531 815 1601 de
846 1530 965 1631 iajipha
989 1551 1021 1602 et
1047 1537 1176 1630 Maria,
1198 1531 1373 1631 filuatora's

265 1631 466 1732 parentibus,
501 1637 582 1702 Itnae
617 1651 816 1706 Moerxvtt.
856 1659 912 1705 10.
943 1657 1174 1706 rntocnrcr
1206 1662 1367 1712 nrnrartt

268 1733 559 1838 quastiobistorica:
586 1759 661 1801 num
684 1731 817 1828 Iosephus
830 1753 965 1832 tempore
982 1742 1166 1804 natiuitatis
1180 1735 1370 1834 christifere.

270 1833 427 1924 ritscnex
449 1837 653 1933 decrepitus?
678 1835 786 1928 Lipstae
810 1853 1009 1907 Murrum.
1038 1859 1216 1906 ctonurr
1258 1865 1371 1912 taetr-

273 1959 361 2008 ntcr
384 1959 514 2004 oonrz
528 1960 561 2004 tr
586 1931 761 2004 diisettatio
778 1934 816 2003 de
836 1936 923 2004 cultu
941 1931 1068 2034 iofipbt',
1089 1945 1236 2036 parentis
1251 1940 1370 2036 cbrtsti,

271 2061 382 2109 contra
400 2033 608 2132 pontificios,
630 2035 840 2128 Annaebergar
865 2035 1056 2108 ntrtccl1.**
1083 2062 1139 2112 ro.
1175 2064 1366 2115 urunrct

274 2163 355 2208 rou
380 2159 548 2208 sanctu
576 2131 811 2204 comminutio
835 2137 873 2203 de
890 2143 1006 2230 pictate
1028 2135 1140 2235 iosephr‘
1162 2147 1196 2205 iu
1212 2144 1368 2228 Μανίανη,

270 2238 399 2309 Lubccae
416 2255 594 2310 ntnccxx.
612 2237 729 2328 quibus
749 2235 823 2303 addi
846 2237 968 2329 potest:
1000 2261 1068 2306 ovt
1082 2263 1114 2311 u.
1133 2263 1185 2307 cu
1198 2263 1233 2313 tt.
1259 2265 1367 2312 rvtrr

272 2363 325 2408 ert
337 2361 547 2408 nusaunnr
576 2333 751 2406 diss'ertatio
770 2335 980 2432 desipientia
1001 2337 1071 2420 dei,
1105 2345 1139 2406 in
1155 2338 1305 2410 connubio
1321 2348 1369 2413 io·

266 2437 345 2540 sephi
376 2466 413 2509 ac
434 2443 547 2509 Μανία
577 2438 744 2520 miranda,
782 2437 973 2506 Helntssndii
1000 2457 1211 2514 ntuccxtuv.
1261 2443 1371 2516 Exstat

268 2565 419 2638 quoque:
449 2537 575 2631 historia
606 2537 736 2638 Iofiphi,
757 2534 851 2628 fabri
878 2541 1028 2634 lignarii,
1054 2534 1143 2612 ,iiber
1165 2543 1368 2642 apocryphus,

268 2667 308 2712 ex
327 2641 430 2712 codice
445 2638 652 2738 manuscripto
676 2637 860 2711 bibliotheca
894 2647 989 2733 regia
1009 2640 1178 2736 parifitufis
1198 2669 1281 2712 nunc
1296 2652 1366 2744 pri.

267 2767 350 2814 uttam
374 2740 501 2814 arabice
524 2745 660 2824 ‚editum
686 2765 740 2808 nec
756 2766 816 2810 uon
848 2743 977 2826 vcrfiour
1005 2742 1105 2810 latina
1135 2761 1167 2812 et
1184 2753 1268 2816 notis
1288 2747 1369 2818 'tilu-

259 2841 380 2940 βίαιον
396 2869 418 2912 α
442 2866 631 2912 oronoro
659 2863 870 2918 murtruo,
894 2833 1001 2936 Lipsiae
1024 2864 1229 2918 nztusszcrttttt.
1248 2873 1283 2936 4.
1303 2847 1368 2894 ***

266 2949 321 3042 qui
349 2944 433 3014 liber
450 2965 558 3011 tamen
586 2967 654 3010 non
677 2943 863 3018 historiatna
889 2944 939 3012 sed
968 2941 1113 3013 fabulam
1139 2945 1368 3040 complectitur

263 3045 465 3140 scriptorque
490 3043 573 3111 illius
600 3066 721 3111 nuttam
740 3043 976 3136 impudentium
999 3045 1133 3138 prodit,
1165 3073 1196 3112 tt
1231 3073 1303 3118 caut
1324 3051 1366 3118 ad

263 3147 441 3226 christum,
465 3165 623 3239 tanquam
646 3167 757 3211 verum
783 3165 969 3226 auctorem,
997 3142 1115 3213 referat
1145 3146 1231 3213 irunt
1259 3175 1308 3236 ue,
1330 3156 1365 3220 in

262 3269 380 3318 monte
410 3246 523 3314 oliueti
535 3244 573 3311 ad
594 3242 765 3336 discrpulos
781 3242 853 3312 suos
877 3244 1067 3336 loquentem
1091 3271 1127 3311 ac
1150 3175 1286 3339 tot'qjto
1306 3273 1365 3342 pa·

261 3369 466 3427 tentantem,
492 3343 688 3412 introducat.
739 3349 787 3413 De
806 3344 975 3413 attatelibri
992 3346 1084 3412 huius
1108 3349 1160 3411 virt
1182 3349 1365 3442 quidquam

261 3447 397 3521 definire
413 3447 499 3519 licet.
554 3449 717 3540 Scriptum
734 3444 826 3513 illum
849 3443 908 3513 effe
926 3444 1073 3514 sermone
1088 3445 1194 3513 ebrato
1210 3471 1247 3513 ac
1271 3449 1363 3518 dein·

260 3549 363 3620 dein
392 3545 560 3616 arabicum
583 3545 796 3625 conuersum,
837 3571 911 3615 cum
941 3544 1164 3616 IoBollando
1195 3549 1361 3621 Wallinus

256 3647 445 3744 suspicatur.
470 3649 493 3690 ’¹‘

339 3753 476 3829 Eorum,
496 3750 552 3842 qui
587 3749 671 3816 inter
704 3749 798 3814 curiae
828 3767 971 3814 romanae
1004 3743 1151 3815 addictos
1186 3747 1226 3818 de
1250 3751 1364 3824 Μανία

257 3847 414 3948 lingulati
441 3847 596 3918 industria
621 3851 835 3918 commentati
863 3845 954 3928 sunt,
993 3865 1083 3916 tanta
1111 3849 1154 3917 est
1171 3849 1362 3946 multitudo,

243 4133 259 4164 '
280 4133 325 4198 est
340 4136 372 4195 in
386 4135 447 4194 eiua
456 4131 638 4213 protegamur
651 4130 878 4209 differrarioniius
888 4131 1028 4207 instaurant
1038 4129 1219 4213 scripturam,
1238 4160 1254 4197 α
1269 4160 1363 4201 arnu-

284 4237 341 4282 ato
356 4220 459 4300 lingua
469 4216 558 4276 latina
573 4233 688 4293 tuoque
704 4215 855 4275 tulutnine
866 4217 974 4286 ‚Luccae
1000 4236 1022 4274 tt
1032 4235 1074 4277 oc
1086 4237 1211 4284 exxtx.
1231 4226 1279 4286 iol.
1303 4225 1362 4285 edi·

285 4304 340 4375 tis,
360 4320 475 4362 tamir.
497 4317 602 4376 μαι.

241 4381 275 4422 ·“
295 4384 387 4447 exstat
417 4384 504 4443 etiam
541 4401 572 4438 tu
600 4377 729 4438 eiusdem
759 4381 965 4444 tntlttematt'ius
992 4381 1211 4470 amtaebergenſsb.
1251 4390 1358 4454 Lubcc,

289 4486 455 4528 unccvtt·
479 4477 505 4531 8.
521 4463 621 4534 editis,
642 4481 751 4541 p.939.

243 4554 287 4588 “⁶
308 4570 369 4608 αενν
384 4549 517 4609 eruditor.
537 4567 740 4608 uoccxrtrt.
764 4569 790 4624 p.
803 4551 872 4620 567.

240 4635 254 4660 ¹
275 4631 425 4694 historiam
441 4629 515 4690 ltauc
535 4650 723 4690 raontctta
757 4631 788 4689 in
814 4636 908 4690 codicis
929 4629 1149 4716 pstudtpt'grapii
1172 4655 1254 4705 atter.
1280 4641 1359 4721 testa·

282 4723 368 4776 metari
384 4713 481 4779 voum.
502 4717 618 4774 aiterum
634 4735 662 4792 p.
681 4733 747 4793 309.
768 4719 924 4777 transtulit.
