3225 5509
594 625 906 677 accurerrsrtc.
1248 621 1295 694 ας

188 778 340 876 perduxit.
403 778 573 878 Opposuit
590 780 631 853 'se
657 782 706 853 illi
746 807 983 856 narraruvs
1012 795 1304 860 varssrtrer'ra

192 905 314 950 ctort
361 885 400 952 in
448 883 605 953 vindiciis
656 903 800 955 veterion
836 882 1043 985 frn'ptorutn,
1089 887 1305 968 Roterodami
1378 953 1380 959 .

193 999 375 1068 tmccvtu.
405 1003 464 1056 12.
491 983 610 1079 quibus
638 984 747 1068 addita
771 986 832 1055 est:
863 1004 1067 1062 turnorts.
1098 1009 1300 1058 vronourr

200 1079 305 1181 ΨΜ
333 1085 569 1178 chronologica.
623 1089 661 1153 ln
689 1110 726 1154 ea
746 1086 910 1156 Harduini
934 1087 1067 1180 systema
1089 1085 1245 1157 refellitur
1267 1111 1306 1158 ex

198 1183 421 1254 astronomicis
441 1184 747 1258 obseruationibus:
772 1211 811 1256 ex
825 1184 912 1256 fallit
936 1185 1305 1258 marmoreisxonsula-

193 1282 299 1357 tibus:
324 1309 367 1356 ex
384 1283 544 1379 catalogis
566 1287 762 1356 archontum
793 1287 1046 1358 atheniensium:
1082 1313 1119 1356 ex
1144 1287 1305 1362 mensibus

192 1388 309 1454 atticis.
361 1391 530 1480 Pugnauit
551 1410 684 1481 quoque
701 1409 818 1459 contra
843 1412 919 1457 eum
948 1411 1128 1461 coartat.
1160 1411 1307 1457 orara-

197 1497 287 1558 rtrc.'
312 1509 503 1556 rcocrtrrs
527 1490 564 1554 in
570 1485 737 1578 striaturis
754 1485 931 1587 throiigict's
955 1496 990 1558 in
1009 1494 1135 1558 loannis
1156 1488 1307 1559 Hardrti·

192 1590 227 1654 rri
242 1606 338 1686 opere
352 1583 479 1679 [decta.
611 1591 614 1596 ’
907 1617 909 1622 ·

267 1684 340 1754 Alii
357 1685 396 1755 ab
412 1687 466 1756 his
499 1689 620 1755 merito
641 1681 828 1756 dillentiunt
841 1713 878 1757 ac
893 1709 978 1758 recte
1000 1687 1201 1780 existimant,
1234 1711 1306 1760 non

192 1783 378 1856 versionem
404 1785 609 1881 septuaginta
634 1790 869 1882 interpretum·;
909 1787 962 1858 led
993 1787 1142 1858 codicem
1164 1787 1306 1859 ebraum

196 1884 396 1982 sequendum
416 1911 456 1956 ac
477 1885 668 1956 stauctores
695 1887 827 1981 profani
856 1913 875 1957 a
902 1886 1056 1983 scriptura
1076 1887 1165 1958 sacra
1191 1888 1307 1959 discre-

197 2007 296 2082 pent,
321 2011 458 2083 operam
473 1990 510 2055 in
528 2010 569 2055 eo
588 1985 816 2059 collocandam
832 1985 916 2073 ello,
941 2010 977 2058 vt
993 1988 1042 2066 isti
1055 2013 1131 2058 cum
1149 1991 1211 2060 hac
1225 2013 1307 2058 con·

160 2181 164 2186 g
195 2092 391 2181 iunganturt
410 2108 468 2158 aut
485 2085 710 2157 emendentur.
759 2095 808 2158 Ita
829 2090 868 2160 de
881 2088 1100 2183 chronologia
1118 2088 1237 2158 biblica
1256 2093 1308 2158 iu·
1380 2123 1383 2130 ·

196 2185 350 2258 dicarunt
370 2214 409 2258 ac
426 2192 641 2258 commentati
661 2186 754 2294 §pitz

257 2312 438 2360 unctu.
471 2311 748 2381 wnsnvrnvs,
794 2292 852 2382 qui
874 2287 965 2357 adid
993 2292 1212 2379 cogitationes
1236 2283 1307 2356 suas
1405 2290 1411 2300 “

196 2389 360 2472 contulit,
382 2412 418 2458 vt
431 2387 649 2458 fundamenta
669 2388 894 2479 chronologia
916 2412 954 2456 ex
981 2386 1094 2455 codice
1125 2386 1232 2455 ebraeo
1254 2383 1310 2456 su-

196 2509 302 2557 meret
322 2513 454 2558 aecum
476 2488 539 2556 illo
565 2492 708 2557 rationes
726 2488 960 2557 astronomicas
976 2487 1176 2556 conciliaret.
1227 2491 1309 2556 Eam

199 2591 236 2656 in
254 2613 326 2658 rern
344 2589 385 2658 ad
398 2588 566 2683 publicum
589 2586 681 2655 vsurn
703 2586 883 2656 transtulit:
908 2589 1069 2657 annalium
1091 2591 1156 2657 cali
1182 2606 1214 2659 et
1233 2607 1310 2657 tent·

197 2707 315 2785 portem
329 2688 557 2778 rellittrtorttmt
575 2686 1102 2785 ssueoperir·rstro-chronologici,
1123 2711 1194 2758 cunr
1219 2696 1309 2758 nouis

204 2785 326 2859 tabuiis
343 2807 476 2861 mutuant
487 2795 650 2889 perpetuis
673 2808 704 2858 et
723 2813 843 2883 organo
867 2791 1098 2860 reuolutionum
1124 2788 1308 2861 harmonico

203 2887 245 2959 ab
260 2896 382 2989 origine
402 2891 535 2974 mundi,
565 2885 656 2959 libris
664 2908 726 2961 vn.
755 2892 871 2959 edendi
890 2889 1122 2988 sciagrepbiant
1146 2915 1253 2959 rtrum
1278 2909 1309 2960 et

201 2990 348 3074 ordinis,
372 2991 482 3062 Kilon.
503 3008 741 3066 MDchxle.
757 2990 849 3060 fol*
874 2996 967 3087 Opus
983 2991 1086 3086 ipsum
1108 2992 1179 3084 post
1195 3014 1311 3060 aucto-

203 3095 245 3161 ris
255 3101 395 3162 mortem
405 3093 514 3163 lucem
522 3091 656 3187 quidem
665 3088 817 3186 adspexit,
825 3090 881 3162 sub
895 3092 1003 3161 titulo:
1012 3089 1310 3189 nounmopurajiro·

202 3197 470 3290 chronologicum,
487 3194 609 3262 Kilonii
630 3209 808 3266 MDcxctl.
822 3192 884 3265 fol.
897 3197 942 3261 ita
950 3214 1059 3261 tamen
1070 3212 1310 3285 comparatum,

203 3317 236 3364 vt
260 3293 343 3364 solas
358 3294 487 3364 tabulas
508 3292 762 3387 complectatur,
784 3298 819 3362 in
841 3298 987 3389 quinque
1002 3289 1109 3359 classes
1126 3289 1253 3372 diuisas,
1273 3316 1311 3359 ac

205 3401 469 3477 commentario,
491 3394 531 3462 ab
548 3418 681 3463 auctore
699 3389 876 3487 promisso,
896 3415 1015 3474 careat,
1039 3414 1137 3485 quem
1159 3392 1253 3459 illum
1267 3416 1310 3460 ne

206 3493 330 3592 roepille
356 3495 493 3592 quidem
524 3492 678 3576 scribere,
717 3493 868 3562 nonnulli
889 3491 1096 3588 suspicantur.
1156 3515 1310 3560 sanvru

210 3621 420 3668 taciturnus
447 3601 713 3664 introductionem
739 3602 774 3662 in
805 3591 927 3662 tabulas
949 3590 1133 3684 christianas
1149 3591 1311 3686 praemisit,

207 3703 290 3766 cuius
309 3695 426 3793 paullo
439 3695 512 3790 poll
527 3694 686 3788 sigillatim
705 3690 1048 3764 mentionemfaciam.
1090 3692 1228 3761 Diuersa
1243 3691 1314 3761 sen-

208 3804 308 3867 tentiae
334 3797 375 3866 de
393 3821 494 3890 opere
517 3797 581 3864 hoc
598 3797 788 3865 Wasmuthi
810 3792 880 3862 lata
897 3791 981 3868 sunt.
1034 3794 1099 3862 Alii
1124 3793 1157 3861 id
1168 3792 1312 3863 multum

208 3897 398 3974 laudarunt3
425 3896 480 3964 alii
494 3917 623 3988 autem,
646 3895 677 3966 sc
691 3895 770 3964 illud
797 3919 869 3964 non
892 3900 1003 3988 magni
1036 3895 1207 3975 aestimare,
1234 3919 1313 3988 pto.

149 4029 153 4048 ¹
209 3999 368 4069 diderunt.
405 4001 457 4067 Ac
474 4018 559 4064 cette
581 3995 794 4067 Walmuthus
813 3994 860 4076 le,
879 3993 1108 4091 hypothefibus
1133 3993 1192 4062 suis
1214 4000 1310 4063 nimis

149 4097 151 4112 '
210 4101 385 4182 addictum,
414 4095 576 4194 praebuit3
601 4122 661 4166 nec
686 4123 734 4166 res
759 4119 927 4178 veterum,
952 4121 1042 4165 cetto
1066 4099 1206 4188 tempori
1231 4119 1316 4165 recte

211 4200 446 4297 adsignandam,
487 4196 542 4268 tali
573 4197 758 4294 diligentia,
796 4197 927 4293 qualem
958 4198 1019 4267 illae
1046 4196 1229 4291 postulant,
1260 4221 1315 4266 ex·
1421 4224 1426 4239 ··

149 4365 153 4436 Ι
211 4306 339 4399 pendit:
358 4309 397 4347 **

777 4445 800 4510 B
832 4462 851 4527 ς
1158 4461 1312 4508 sinunt.

180 4581 760 4601 ——--—--⁸—-———-
764 4579 1314 4599 mot—*—

205 4653 220 4688 *
238 4649 452 4714 neceruditur.
475 4666 711 4710 uncuxttxvr.
730 4670 760 4729 p.
774 4667 821 4726 34.

207 4736 229 4769 ‘⁴
249 4753 421 4800 noceant
444 4730 545 4796 cinit.
566 4731 839 4797 veteranionem.
858 4756 886 4817 p.
899 4737 967 4812 623.
981 4736 1052 4811 639.
1071 4732 1142 4806 640.
