3225 5509
585 617 911 734 toettiretr're.
1112 694 1118 704 ·
1219 673 1294 754 707

351 837 435 901 runt
454 815 543 894 anie
564 819 682 892 tradita
697 819 770 892 sunt
783 819 881 916 itque
895 819 1065 917 expolita,·
1081 847 1119 896 ea
1138 825 1181 896 ad
1190 824 1292 898 libro:

351 925 417 1006 bot
435 941 581 992 toetomn
606 919 854 992 christianonrm
874 923 910 990 in
933 927 1045 1008 terrie,
1077 923 1183 996 versut
1214 925 1291 997 solit

359 1017 454 1108 fitis,
478 1019 635 1118 spectant.
694 1024 878 1116 Sequuntur
894 1018 951 1102 illi,
967 1025 1023 1116 qul
1040 1023 1175 1095 ecclelia
1184 1031 1291 1096 arira.

351 1125 405 1194 trii
420 1120 510 1196 sunt.
588 1125 625 1190 ln
644 1119 834 1214 colligendis
853 1117 1109 1218 illustrandisque
1129 1123 1288 1220 liturgiis,

351 1217 576 1292 lehrillianot
597 1221 731 1290 orientis
755 1222 979 1289 auctoritatem
1002 1220 1145 1308 habent,
1177 1225 1287 1318 fingu-

351 1339 448 1390 eram
466 1319 576 1417 posuit
601 1339 792 1390 rrtrrrvt
821 1337 1128 1394 nunnunorrvs.
1176 1325 1287 1396 Edidit

351 1427 470 1516 [ieram
486 1419 683 1494 omeliarii
694 1419 913 1500 collectionem,
922 1417 1049 1490 Parilia
1059 1439 1284 1512 Moccxwm.

351 1520 494 1604 omis‚²'¹
530 1535 612 1616 opu:
635 1517 834 1614 preclarum.
875 1521 979 1588 Priori
1004 1541 1098 1590 tomo
1118 1523 1283 1618 pramillae

351 1645 424 1690 uor
436 1617 686 1692 dillerrationet:
713 1619 752 1688 de
769 1617 974 1710 liturgiarum
994 1619 1202 1693 orientalium
1213 1629 1284 1694 ori.

355 1723 571 1791 auctoritate:
613 1719 656 1788 de
674 1717 811 1810 liturgiis
834 1716 1069 1788 alexandrinis:
1101 1720 1142 1790 de
1166 1721 1280 1816 lingua

359 1817 404 1890 de
419 1819 596 1914 patriarcha
607 1817 828 1907 alexandrino,
839 1841 914 1886 cum
929 1814 1041 1888 officio
1058 1819 1278 1894 ordinationis

397 1923 578 2016 Sequuntur
600 1918 733 2012 liturgia
755 1915 846 2011 ipsae,
872 1916 1020 1987 videlicet
1042 1938 1106 1988 rtet
1126 1925 1280 2017 Coptita·

355 2017 571 2114 lii,Grtgotii
600 2019 744 2112 theologi
758 2039 790 2088 et
803 2017 917 2110 cyrilli
934 2017 1154 2104 alexandrini,
1175 2023 1277 2094 latine

357 2117 480 2190 ubritit
500 2115 689 2190 ritualibus:
723 2116 843 2188 eaedent
865 2117 1001 2208 liturgia
1023 2141 1149 2210 grece:
1181 2145 1277 2194 tom·

384 2221 422 2288 in
446 2217 607 2314 liturgiam
621 2221 785 2314 coptitam
798 2213 911 2299 Balilii,
926 2237 995 2311 quo
1010 2221 1090 2286 ritus
1105 2237 1139 2286 et
1149 2227 1276 2306 omnia,

362 2321 454 2390 inam
475 2319 712 2398 eucharisticam
728 2321 939 2412 pertinentia,
969 2315 1187 2410 explicantur:
1214 2345 1278 2390 no·

364 2441 410 2489 :et
429 2421 464 2488 in
482 2419 619 2513 reliquae
633 2417 795 2511 liturgias:
820 2417 955 2508 liturgia:
968 2413 1125 2508 generalis
1135 2418 1278 2490 Aethio.

366 2517 513 2606 iversto,
540 2543 615 2586 tum
638 2521 725 2586 notis
749 2511 941 2588 necessariis.
992 2513 1162 2586 Posteriori
1177 2541 1277 2591 tomo

368 2643 395 2690 tr
410 2617 628 2688 lacobitarum
639 2615 786 2708 syrorum
803 2615 938 2708 liturgiae
949 2637 987 2684 ac
998 2613 1274 2694 Nellotianorum

370 2740 417 2802 tt,
430 2719 531 2789 latine
549 2715 795 2804 conuersae,cum
809 2719 1047 2786 commentario
1055 2721 1222 2814 notisque.

377 2817 441 2890 fint
475 2818 548 2888 libri
580 2815 795 2910 ecclefiallici,
826 2813 943 2912 quibus
966 2813 1132 2912 speciatim
1167 2823 1276 2894 Greci

374 2941 446 2988 ero
486 2939 679 2990 attrttva
704 2938 735 2986 et
768 2939 884 2990 ovrr.
920 2939 1105 3008 ervitte,
1135 2941 1232 2992 antea
1253 2945 1277 2990 a

377 3073 401 3103 .,
432 3018 661 3090 monstrarunt.
709 3021 754 3086 Ex
777 3041 920 3112 quorum
938 3019 1275 3090 commentationibus

377 3123 419 3190 tia
434 3118 618 3188 adcuratior
629 3117 746 3188 borum
762 3117 921 3187 librorum
937 3115 1116 3184 haurienda
1133 3117 1196 3204 eli,
1213 3141 1274 3188 eoe

400 3218 636 3288 nonnullorum
657 3236 783 3285 tantum
810 3215 1020 3308 scriptorum,
1049 3211 1092 3282 ad
1109 3211 1278 3308 liturgiam

382 3342 445 3390 eta
468 3315 698 3414 spectantium,
722 3321 924 3384 mentionem
944 3310 1053 3395 facio,
1089 3315 1136 3382 ita
1156 3333 1192 3384 vt
1209 3315 1278 3386 bue

693 3547 721 3614 Y
742 3567 764 3634 γ
783 3565 804 3614 2
1152 3563 1276 3615 etet·

387 3711 923 3744 ...........„...:....

395 3803 490 3878 laem
510 3814 663 3860 nnttxtt.
682 3792 782 3854 uteie.
802 3813 830 3870 p.
846 3809 915 3863 45⁰·
929 3785 1066 3850 iuuenile.
1092 3807 1202 3868 p.490,
1220 3811 1274 3852 η.

388 3887 517 3948 Tremit
540 3897 702 3942 nocturn.
724 3876 798 3950 [τόν.
821 3895 849 3952 p.
871 3891 903 3932 tt
911 3892 939 3946 5.
963 3869 1041 3946 april.
1059 3891 1088 3950 p.
1100 3889 1167 3950 559,
1189 3892 1272 3936 m

389 3973 423 4030 'er
434 3963 569 4052 geleiten:
586 3961 648 4020 roei:
662 3960 759 4021 mma.
769 3979 795 4016 v.
812 3977 840 4034 p.
849 3959 919 4030 695.
935 3953 1056 4032 firmiana
1070 3971 1124 4013 vert
1136 3953 1208 4016 alten
1216 3955 1274 4018 ond

390 4073 415 4134 g.
427 4047 537 4122 lethu,
557 4062 641 4119 1741.
660 4063 689 4121 p.
703 4061 766 4118 ²9¹·
782 4035 908 4118 Copiose
932 4053 1048 4116 quoque
1066 4021 1170 4098 librum
1191 4036 1274 4100 bunc

390 4150 519 4196 eoorvt
538 4127 635 4208 isagog.
656 4127 692 4186 ed
706 4123 863 4202 theologiam
874 4119 1023 4194 viriaersern
1045 4117 1107 4186 iiie.
1119 4139 1160 4183 tt.
1176 4139 1231 4201 top.
1242 4139 1273 4194 5.

391 4237 461 4278 unm
488 4201 680 4276 Rentudotint
703 4207 777 4266 varie
799 4199 1038 4282 reprehendisset,
1060 4221 1123 4282 qua:
1148 4205 1181 4266 in
1212 4221 1275 4264 rt·

391 4287 457 4360 forie
487 4294 621 4373 ethiopia
645 4289 804 4360 nubentur,
833 4287 975 4366 huiusque
997 4281 1125 4346 defendo
1147 4281 1275 4364 suscepte

392 4380 479 4443 uritei
493 4379 611 4436 literaire
624 4391 687 4430 tant.
701 4393 748 4432 tx.
767 4391 794 4449 p.
809 4389 872 4439 ²¹7·
895 4389 946 4448 pro
960 4365 1139 4428 llerteodorio
1149 4369 1274 4446 prodiit:

392 4465 495 4546 lilleire
522 4461 565 4519 dtr
578 4457 743 4538 patriarches
767 4451 964 4512 ei'Alexnndrie
981 4467 1010 4508 et
1035 4451 1067 4508 de
1087 4449 1114 4508 Ia
1138 4447 1275 4510 collectiore

396 4541 558 4606 tricenties,
579 4557 669 4598 contre
687 4541 801 4598 reterri:
813 4537 935 4596 intituli:
952 4529 1097 4606 definfide
1114 4532 1277 4592 harmain

394 4631 447 4704 tif,
470 4623 579 4688 Parifiie
594 4639 769 4688 nocturn.
785 4615 903 4688 confert
928 4621 1066 4682 mim
1082 4614 1115 4674 lt
1146 4611 1277 4674 Tim

397 4709 632 4790 ,erelauno
