3225 5509
925 557 934 584 .

279 615 354 714 446
476 633 568 685 cuo.
604 631 680 680 vir.
733 631 787 680 nn
834 631 1030 694 senioris
1062 631 1233 682 aranon.

286 735 1418 765 W
1467 745 1468 762 l

424 809 534 864 evit..
568 811 691 859 ctvnt
727 792 939 888 antiquitates
960 787 1137 887 epossolt'cae,
1169 815 1208 860 er
1241 787 1296 862 tbe
1318 787 1421 886 ΗΜ

327 897 367 987 os
377 892 432 963 tbe
445 892 547 971 liure,
570 907 641 960 acts
659 889 726 959 and
740 888 954 984 martyrdoms
979 891 1013 981 of
1036 889 1089 961 the
1107 889 1175 982 hely
1189 889 1316 990 apollin
1334 893 1424 984 osone

318 994 468 1091 saniem,
489 988 557 1062 end
574 989 627 1061 the
656 1009 720 1061 ttoo
742 986 941 1087 euangelills,
978 993 1075 1061 Merit
1100 992 1166 1062 and
1185 995 1290 1074 late,
1317 997 1372 1090 qui
1388 993 1422 1062 li·

327 1094 386 1166 ber
402 1091 529 1187 anglice
547 1094 584 1158 in
610 1090 778 1186 publicum
805 1091 929 1186 prodiit
958 1092 1102 1162 Londini
1132 1109 1424 1168 MDCLXXVH.

326 1209 568 1268 Mncnxxvm.
597 1209 836 1266 nincnxxxrn
854 1209 1091 1266 nncuxxxvr.
1118 1189 1181 1262 fol.
1216 1215 1255 1262 ac
1270 1191 1426 1288 sepire*

326 1297 366 1365 ln
389 1291 572 1363 sermonem
601 1297 826 1383 germanicum
857 1289 1032 1362 conuersus
1065 1295 1143 1362 exiit
1170 1296 1198 1364 is
1228 1291 1288 1364 sub
1316 1291 1425 1362 titulo:

326 1399 540 1493 antiquitates
561 1391 744 1489 apostolicae
762 1391 839 1461 oder
858 1387 943 1460 leben
967 1392 1036 1462 ond
1049 1393 1162 1462 claren
1188 1391 1261 1464 ond
1288 1413 1426 1482 martyr·

326 1494 402 1568 eodt
419 1493 478 1562 der
491 1493 625 1590 heiligen
642 1492 763 1592 apostol,
783 1492 933 1562 nteouch
952 1491 1046 1562 dem
1067 1489 1184 1586 quen
1204 1493 1428 1587 euangelista,

325 1597 439 1666 Murci
453 1591 521 1664 ond
541 1597 648 1676 Luce,
667 1590 747 1684 nebsl
760 1601 848 1662 einer
865 1591 1129 1690 einleitungsrede
1144 1617 1206 1664 oon
1235 1593 1339 1665 denen
1354 1601 1430 1686 ἄη]

324 1693 633 1794 dauptregierungen
658 1692 718 1764 der
738 1692 846 1766 lircbe
861 1711 989 1789 gotter,
1009 1693 1118 1789 Lipfiae
1137 1695 1431 1788 moelem-'eff‘

310 1796 444 1868 'iterum
461 1795 579 1864 eodem
594 1793 671 1863 loco
695 1813 843 1867 MDccx.
855 1817 892 1884 4.
908 1811 1119 1868 MDccxx1V·
1131 1804 1168 1878 8.
1181 1793 1309 1890 belgica
1323 1815 1430 1866 autem

323 1894 437 1989 lingua
456 1893 620 1963 vltraiecri
636 1913 849 1967 mncxcvru.
863 1891 927 1967 ful.
975 1893 1134 1963 Adiunxit
1150 1917 1268 1966 auctor
1284 1895 1431 1996 dippcba

322 1994 499 2094 eposlolica,
527 2015 565 2065 vt
586 2015 701 2077 vocat,
729 1992 763 2062 id
786 1993 847 2075 est,
873 1992 1058 2064 breuiorem
1081 2001 1371 2068 enumerationem
1393 2021 1430 2066 ac

322 2095 437 2168 seriem
455 2093 701 2190 episcoporum,
722 2096 780 2189 qui
801 2117 860 2188 per
873 2097 983 2188 priora
1003 2099 1063 2164 tria
1085 2093 1189 2166 secula
1217 2097 1359 2166 coetibus
1381 2097 1428 2168 sa·

323 2203 387 2268 cris
405 2192 829 2292 apostolicisptaefueruun
858 2213 914 2263 aut
937 2189 1095 2290 ptaefuilse
1120 2194 1294 2286 fecunnrt,
1319 2196 1429 2268 videli-

198 2385 201 2390 .
322 2319 377 2369 cet
400 2295 534 2367 ecclesia
567 2295 791 2378 antiochena,
824 2318 990 2378 romana,
1025 2295 1345 2389 hierosolymitana,
1371 2299 1429 2392 by·

322 2403 479 2484 nantinae,
505 2394 746 2477 alexandrinae3
778 2393 922 2464 sednon
956 2399 1082 2478 omnia,
1105 2419 1180 2492 quae
1205 2401 1241 2466 in
1265 2397 1427 2495 diptychis

320 2499 373 2568 his
394 2498 574 2577 habentur,
595 2496 741 2591 expedita
766 2519 803 2563 ac
827 2494 918 2590 super
939 2519 1075 2566 omnem
1097 2497 1343 2570 dubitationem
1365 2527 1427 2598 po·

320 2597 380 2670 sita
398 2597 481 2666 sunt.
532 2593 638 2688 Ipsum
658 2619 741 2689 opus
761 2600 865 2666 Cauei
890 2619 1046 2690 magnam
1068 2598 1354 2686 existimationem,
1365 2607 1426 2672 im·

321 2719 381 2766 mo
401 2699 581 2788 principem
598 2692 708 2761 locum
730 2699 814 2764 inter
831 2695 929 2764 libros
951 2702 1133 2790 argumenti
1153 2699 1250 2770 huius
1273 2699 1331 2772 libi
1345 2726 1426 2771 con·

321 2796 467 2876 eiliauit,
491 2794 588 2886 idque
607 2798 723 2859 merito
747 2816 785 2858 ac
806 2800 886 2869 iure,
942 2803 1025 2892 Quae
1056 2803 1143 2868 enim
1180 2800 1223 2870 ad
1258 2802 1425 2899 apostolo·

319 2919 395 2965 tum
417 2894 625 2985 duorumque
652 2893 944 2983 euangelistarum,
969 2902 1075 2966 Marci
1100 2920 1132 2967 et
1155 2905 1272 2986 Lucae,
1302 2909 1421 2987 vitam,

318 2995 426 3088 gesta,
451 2993 587 3086 scripta,
610 2996 796 3061 animorum
822 2994 987 3078 indolem,
1019 3021 1161 3069 mortem
1185 3007 1359 3096 pertinent,
1380 3028 1420 3074 ea

319 3119 442 3188 magna
458 3093 624 3186 diligentia
646 3115 743 3186 atque
771 3092 985 3166 adcuratione
1011 3095 1083 3167 sunt
1114 3125 1270 3172 enarrata.
1322 3109 1419 3176 Atta·

320 3217 400 3268 men
421 3199 550 3264 Cautus
579 3192 709 3261 tradidit
735 3195 885 3288 quaedam
915 3218 1012 3292 atque
1038 3199 1243 3286 adfirmauit,
1270 3206 1421 3276 animad-

320 3295 470 3368 uersione
519 3293 661 3364 censoria
697 3294 809 3387 digna.
899 3301 937 3365 ln
973 3298 1024 3366 his
1067 3303 1328 3376 enumerandum
1355 3309 1424 3402 est,

321 3399 458 3493 quando
478 3393 705 3464 traditionibus
728 3398 922 3492 apocryphis
942 3397 1035 3492 pius,
1065 3425 1165 3494 quam
1187 3428 1247 3498 par
1275 3405 1339 3500 est,
1367 3415 1422 3479 tti-

319 3498 420 3569 buit:
445 3501 586 3568 maxime
603 3494 743 3564 aliorum
771 3497 957 3588 Anglorum
985 3496 1177 3572 sententiam
1203 3505 1244 3576 de
1274 3509 1424 3580 iul'cilica·

318 3603 413 3668 tione
436 3595 613 3692 adprobat,
630 3593 691 3638 ***
714 3595 812 3664 deum
833 3619 946 3691 prater
962 3597 1079 3682 fidem,
1101 3625 1202 3696 opera
1223 3609 1436 3701 euangelica·

318 3697 386 3766 fiue
404 3699 623 3766 obedientiam
639 3719 714 3788 erga
739 3719 844 3764 nouas
881 3696 990 3789 leges,
1026 3701 1179 3772 achristo
1205 3707 1421 3806 proscriptas,

319 3795 409 3868 abeo
426 3795 596 3890 postulare,
614 3801 670 3889 qui
686 3800 816 3865 veniam
830 3818 1041 3892 peccatorum
1052 3803 1207 3900 consequi
1225 3807 1321 3879 velit:

402 3950 633 4002 rnronnrcr
669 3951 917 4001 sonnnanrn
944 3930 984 4001 de
1008 3930 1175 4032 apostolicis
1195 3940 1289 4016 rebus
1313 3947 1422 4046 ἄτῃσ-

322 4040 459 4105 tationes
475 4050 559 4103 tres:
587 4033 614 4103 I.
639 4027 679 4097 de
696 4027 831 4128 apostolis
849 4027 1011 4104 duodecim
1038 4052 1070 4105 et
1098 4035 1291 4141 apostolatu,
1314 4049 1420 4145 stricte

307 4355 327 4400 ⁸¹
346 4375 406 4416 acto
422 4355 555 4414 eruditor.
574 4368 809 4412 nocuxxxvrc.
827 4374 855 4432 p.
884 4371 951 4430 ²54

308 4475 342 4514 :rr
361 4481 556 4560 ,mercuri
580 4459 735 4520 rnorrotlicle
751 4467 980 4550 vntoredungen,
1002 4475 1089 4555 1697·
1108 4487 1197 4558 [κεῖ.
1216 4478 1418 4560 mehtitbtwn

335 4554 384 4613 den
390 4545 537 4628 stolliscbrn
557 4542 687 4616 bricheno,
714 4545 845 4612 volumi.
860 4572 889 4632 p,
900 4571 970 4632 440,

308 4669 360 4716 tre
379 4663 413 4725 tn
433 4649 826 4742 vttaPoulli'eop.1n.‚d.7.
