3225 5509
612 603 943 668 coeuntes-cie.
1074 631 1079 640 =
1118 631 1120 636 ·
1244 683 1247 688 Ι
1299 607 1349 686 93

213 701 1339 742 ..n-——n—-n-——ffl

243 790 376 859 γεω
416 775 503 840 item
542 790 655 864 preter
678 767 843 854 cbtmicorc
873 771 984 840 muudi
1008 777 1125 851 minut,
1162 796 1195 844 s.
1221 795 1348 842 osvin
1429 791 1431 796 '

244 897 354 944 sauz
382 894 526 965 germen
545 872 706 958 Decidit,
729 875 786 965 qui
804 870 885 940 liber
901 871 1022 942 sacram
1037 894 1070 941 et
1086 870 1260 966 profanam
1275 895 1354 942 tem·

245 997 373 1071 potum,
392 991 596 1054 auctorum,
624 970 790 1040 dictorum
808 992 840 1039 et
862 969 1026 1042 sactorum
1042 978 1204 1042 rationem
1222 997 1241 1040 a
1260 995 1354 1042 mun·

254 1073 298 1144 do
319 1071 462 1142 condito
488 1071 531 1138 ad
565 1095 691 1140 annum
719 1070 826 1140 christi
852 1091 1004 1146 MDxcll.
1030 1072 1267 1167 complectitur.
1317 1077 1356 1142 In

254 1171 370 1268 scriptis
395 1172 449 1242 his
469 1170 566 1242 iudaei
593 1171 697 1241 multa
724 1171 866 1252 tradunt,
892 1197 962 1266 quae
983 1170 1060 1246 ficta
1079 1197 1117 1240 ac
1131 1176 1358 1246 commentitia

245 1273 332 1348 fitur:
355 1296 436 1344 ueta
450 1268 538 1342 salsis
555 1270 689 1344 miscent
704 1292 801 1369 atque
817 1267 998 1342 adfectibus
1022 1297 1098 1366 erga
1121 1271 1359 1368 gentemisuam

247 1377 388 1448 nimium
421 1371 609 1464 indulgent.
662 1371 757 1460 Alia,
799 1396 871 1467 quae
898 1377 934 1440 in
956 1373 1019 1442 istis
1047 1372 1225 1455 habentur,
1250 1365 1359 1471 aperte

248 1471 326 1562 salsa
353 1472 453 1544 sunt:
502 1473 564 1542 alia
584 1478 631 1544 ita
652 1493 854 1568 comparata,
879 1494 913 1543 vt
937 1472 1093 1543 lectorem
1123 1474 1260 1547 dubium
1285 1469 1387 1546 ced·'

249 1575 339 1658 dant,
372 1570 455 1644 itum
476 1598 516 1644 ea
533 1573 704 1668 amplecti3
740 1598 784 1642 an
810 1572 979 1668 repudiare
1001 1573 1157 1666 debeam}

320 1678 512 1746 Recentiori
538 1696 688 1769 tempore
713 1673 826 1744 itidem
854 1670 1008 1757 suerunt,
1042 1680 1098 1770 qui
1124 1675 1218 1754 rebus
1238 1673 1360 1746 iudeo&
1443 1717 1447 1728 ·

254 1800 330 1848 rum
352 1772 568 1846 describendis
592 1773 623 1846 se
646 1774 854 1856 addicerent,
880 1781 1137 1870 easquepartim
1159 1779 1359 1870 generatim

258 1878 375 1972 partim
404 1872 591 1972 speciatims
648 1873 712 1944 siue
746 1875 894 1968 quaedam
931 1897 1060 1944 tantum
1091 1874 1220 1946 illarum
1255 1877 1362 1969 capita

260 1975 460 2072 illustrarent.
511 1977 638 2068 Ingenii
663 1979 886 2058 monimenta,
917 2001 987 2070 quae
1006 1981 1185 2068 generatim
1199 1976 1239 2046 ad
1260 1973 1359 2044 hillo«

260 2079 338 2148 tiam
360 2077 546 2146 iudaeorum
571 2080 757 2168 pertinent,
787 2099 876 2144 nune
909 2077 1126 2146 memoranda
1147 2076 1358 2173 prodierunt:

213 2207 217 2214 ·
331 2199 472 2246 retusi
512 2199 643 2244 uuest
672 2173 799 2262 historia
826 2173 980 2263 iudaice,
1006 2198 1025 2242 c
1052 2177 1162 2244 reditu
1186 2172 1362 2266 babylonico

261 2301 351 2378 usquc
383 2273 432 2346 ad
454 2276 603 2348 ultimum
630 2275 791 2346 excidium
824 2271 1120 2368 hierosolymorum,
1151 2272 1363 2366 Vitembe'rgae

263 2388 671 2458 MDva111.MDLx11.8.
695 2380 883 2469 germanice
915 2372 972 2442 sub
1005 2373 1122 2442 titulo:
1147 2368 1362 2472 bescbreibung

266 2477 351 2548 decer
374 2472 574 2574 geschicbtcn
596 2474 651 2546 des
678 2473 836 2572 iudiscbcn
854 2474 975 2564 volckc,
1001 2474 1082 2543 uach
1106 2472 1203 2572 dcffeu
1227 2477 1364 2545 wieder·

241 2627 245 2634 -
269 2575 354 2672 kunst
369 2575 512 2646 eusdem
535 2571 764 2671 babylonischeu
779 2577 953 2673 gestingnc's
975 2570 1024 2644 bit
1048 2574 1168 2664 cusdt'e
1184 2571 1364 2674 zerst'ar'ung

272 2681 441 2770 suession,
460 2675 690 2772 Norimbergae
717 2695 916 2752 MDchvn.
945 2699 979 2766 4.
1001 2676 1134 2770 gallice:
1168 2677 1259 2746 l'ctat
1279 2676 1367 2748 deu

273 2780 402 2873 nigros
418 2795 450 2846 et
472 2775 647 2877 repulimus
668 2779 713 2847 du
730 2779 834 2876 peuple
855 2777 1027 2875 sudesque,
1054 2797 1243 2851 ntolxxxn
1269 2787 1303 2861 8.
1319 2777 1367 2823 *⁴¹

345 2900 402 2950 to.
434 2901 582 2946 tuconi
622 2903 788 2949 scrruur
825 2877 1036 2976 compendium
1061 2876 1193 2970 historie
1220 2882 1366 2976 iudaice,

273 2975 454 3048 adductum
477 2976 586 3072 lustina·
611 2976 717 3070 bisso.
738 2975 811 3051 libr.
836 2998 962 3052 xxxvl.
983 2975 1163 3074 potiffimum
1196 3004 1237 3048 cx
1255 2988 1367 3072 genti.

272 3079 340 3148 lium
352 3075 561 3177 scriptoribus
593 3081 763 3173 collectum,
790 3076 996 3147 Francofurti
1017 3079 1057 3146 ad
1084 3085 1192 3152 Motu.
1218 3098 1364 3155 MDcc.

274 3191 304 3261 8.
327 3185 383 3222 *⁸*
418 3179 565 3249 ciusdem
584 3204 667 3276 opus
689 3175 977 3276 pracliantillimum
998 3177 1204 3272 inscriptum:
1229 3177 1369 3270 iudische

273 3281 620 3375 eicrckwlirdigieitm‚
646 3301 788 3376 quatuor
816 3279 972 3373 partibus,
995 3303 1133 3374 quarum
1157 3299 1219 3346 tres
1243 3283 1366 3374 priores

273 3379 470 3452 francofurti
497 3380 537 3449 ad
567 3385 676 3454 Moen.
705 3397 892 3453 MDccxlv.
919 3400 1033 3473 quarta
1062 3400 1171 3447 autem
1199 3401 1231 3447 et
1257 3379 1368 3450 ultima

274 3479 385 3553 ibidem
409 3499 626 3556 MDccxvlll.
647 3502 685 3571 4.
709 3486 744 3550 in
761 3480 867 3549 lucem
885 3479 1098 3573 prodierunt:
1126 3484 1143 3521 *

345 3605 487 3654 riveti
526 3574 717 3650 muzensi
744 3578 840 3676 ſsecru
869 3577 998 3670 historic
1031 3577 1070 3647 de
1098 3585 1207 3670 gentis
1240 3576 1368 3649 ebraice

275 3702 351 3777 mu,
363 3679 524 3780 progreffu
535 3677 678 3779 sucisque
685 3676 744 3776 sub
764 3678 973 3775 patriurchis,
993 3676 1150 3750 iudicibus
1174 3698 1206 3748 et
1233 3678 1371 3778 regibus,

275 3787 339 3853 iude
350 3780 389 3853 ub
401 3781 576 3852 Ascohumo
584 3807 681 3880 utque
697 3783 741 3850 cd
748 3785 966 3880 captiuitatem
986 3776 1201 3877 babylonicum,
1223 3782 1372 3874 Auguslae

275 3884 424 3954 l'indelic.
448 3902 571 3956 muco.
585 3881 646 3951 fol.
663 3881 708 3928 *²*
835 3886 838 3894 '

1214 4005 1365 4051 tic-our

273 4149 393 4222 ’plures
415 4143 563 4226 scriptores
578 4144 661 4207 cbraei
680 4146 716 4207 de
736 4148 821 4210 rcbus
842 4147 960 4210 ludricis
982 4144 1164 4208 recensentur
1186 4146 1217 4205 in
1233 4164 1371 4205 wotrrt

293 4228 438 4290 bibliothec.
457 4228 511 4288 τὸν.
529 4248 604 4305 porr.
621 4251 663 4290 ιι.
682 4253 707 4312 p
728 4240 813 4303 1672.

271 4305 300 4347 *⁴
320 4332 476 4374 tornius
491 4313 613 4389 sclecccr.
640 4315 813 4394 disputation.
825 4315 993 4399 theologicum
1002 4331 1080 4395 porc.
1103 4329 1145 4373 ιι.
1162 4331 1191 4392 p.
1213 4322 1260 4386 78.
1273 4313 1376 4374 mcmi·
1418 4359 1428 4386 .

296 4399 338 4458 nit
359 4397 603 4473 interpretationis
622 4396 751 4479 belgicat.
1320 4399 1331 4422 '

271 4479 318 4518 *⁸*
335 4497 399 4538 oeta
415 4479 547 4538 eruditor.
562 4498 677 4542 uucc.
703 4501 732 4558 p.
752 4499 820 4554 5¹²·

271 4567 286 4594 ·
302 4561 368 4624 uide
383 4560 542 4626 lulliocbecae
555 4560 640 4623 liuius
663 4582 729 4627 tom,
744 4585 766 4627 r.
778 4587 806 4646 p.
818 4576 883 4640 887.
900 4565 949 4627 vbi
970 4568 1129 4629 memoraui
1144 4582 1211 4639 eos,
1239 4563 1291 4645 qui
1305 4583 1377 4645 opus

295 4645 350 4707 hoe
365 4639 595 4726 percensuerunt·
981 4687 985 4694 -

268 4729 300 4770 Ψ*
317 4735 453 4796 mutuet
469 4727 501 4789 dt
523 4727 654 4792 Trcuoux
671 4751 822 4798 nuccii.
838 4738 901 4798 mci.
910 4755 940 4815 p.
957 4753 1022 4813 37¹·
