3225 5509
225 643 299 720 114
463 639 552 690 cnr.
580 637 660 689 ιιι.
687 639 738 688 ιιι
765 635 965 686 secteris
995 629 1168 686 ustrou.

225 735 1362 774 ,,.,.....................-..-.---..-

272 821 356 884 teto,
373 797 530 892 Euagrio,
544 817 615 892 que
634 797 917 890 interpretationes
932 784 1044 888 saepius
1067 794 1103 864 in
1117 791 1226 864 ducem
1243 787 1391 887 prodis-1

271 920 370 976 nint}
1149 917 1153 926 “
1386 947 1391 970 2

353 1020 547 1072 urnsrtns
578 1015 837 1076 coronensis,
860 994 918 1088 qui
945 988 1065 1088 scripfit
1081 985 1180 1062 libres
1198 985 1374 1086 troisse·

272 1109 332 1176 νὴ
359 1097 551 1195 ecclesiastica
588 1117 709 1194 eosque
740 1089 918 1188 auspicatus
944 1091 988 1164 est
1018 1091 1060 1161 ab
1086 1115 1176 1162 anno
1203 1089 1374 1164 sema'totis

273 1221 459 1278 cccxxiii.
497 1220 530 1270 et
552 1221 653 1292 atque,
677 1217 716 1263 ac
744 1199 919 1277 Socrates,
937 1214 1040 1288 vsque
1058 1190 1100 1262 ad
1120 1215 1247 1264 annum
1271 1193 1374 1264 chriti

274 1316 507 1376 (cccxxxix.
532 1298 690 1394 perduxit.
741 1293 853 1364 iidem
880 1299 948 1365 eius
971 1293 1122 1362 nonnulli
1143 1292 1281 1364 dubiam
1305 1293 1373 1364 red·

275 1401 381 1478 duno
416 1397 468 1468 alii
495 1421 605 1468 autem
628 1393 807 1465 candorem
833 1399 869 1464 in
896 1395 953 1465 ido
978 1391 1113 1463 laudant
1145 1417 1183 1462 at
1205 1390 1271 1489 ipse
1293 1413 1390 1466 certe¹

275 1503 419 1574 veritaris
449 1499 587 1570 studium
614 1521 677 1592 prae
704 1491 734 1564 se
760 1493 838 1570 sert.
895 1492 1018 1592 Quales
1045 1493 1129 1565 illius
1147 1495 1307 1564 editiones
1334 1515 1387 1564 ac·

275 1602 437 1671 versiones
468 1603 504 1669 in
529 1601 635 1670 lucem
658 1599 803 1680 exierint,
829 1619 867 1668 ex
886 1600 925 1666 iis
944 1614 1052 1694 patet,
1075 1619 1146 1690 φιτ
1162 1615 1259 1668 antea
1284 1613 1368 1666 ame

276 1699 474 1774 dictasunt:

357 1819 689 1884 runooorcrvs,
712 1797 804 1865 cuius
823 1791 901 1866 lsbrs
915 1819 949 1870 v.
973 1791 1101 1888 beisoriae
1127 1793 1317 1892 eccsefiaddcae
1333 1793 1370 1868 ad

276 1926 340 1972 nos
366 1919 592 1994 peruenerunt.
642 1899 851 1966 Narrationis
878 1895 938 1966 suae
957 1899 1088 1966 initium
1112 1893 1191 1966 fecit
1210 1895 1391 1990 :hunred

279 2007 391 2072 ariana
421 2021 520 2093 atque
553 1995 597 2066 ad
623 2017 766 2067 mortem
785 1996 953 2068 Theodori
977 1995 1215 2092 Mopsuestenit
1250 1997 1314 2071 fiue
1332 1995 1391 2068 adi

279 2125 407 2171 annunt
428 2098 636 2168 christianum
662 2113 878 2172 ccccxxvii.
905 2092 1086 2192 progressus
1105 2097 1169 2186 est,
1190 2101 1237 2168 ita
1251 2119 1288 2170 vt
1304 2113 1366 2196 qu:

278 2223 301 2272 a
322 2207 456 2268 ¹socrate
474 2221 511 2266 ac
523 2203 711 2269 sozomeno
737 2192 853 2266 omissa
869 2193 1020 2280 fuerant,
1036 2219 1074 2266 ea
1089 2193 1262 2294 suppleret.
1310 2199 1367 2272 Ia't-

278 2323 353 2372 cem
375 2297 517 2395 adspexit
543 2295 670 2388 historio
706 2298 774 2365 haet
798 2321 899 2390 grtrce
918 2295 1042 2366 Basilett
1073 2315 1281 2379 MDxxxv.
1313 2295 1366 2372 soi

280 2425 320 2472 ac
338 2423 415 2490 cum
433 2395 570 2469 Eusebio
591 2397 725 2494 aliisque
737 2395 859 2466 Parifiis
881 2393 1258 2484 MDX1,1v.soi.latine,
1279 2403 1366 2480 inter·
1388 2439 1391 2444 ·

280 2500 427 2596 pretibus
452 2501 603 2568 tractimo
627 2501 810 2568 camerario
831 2515 1078 2569 MDXXXV1.ac
1100 2501 1141 2568 so.
1167 2495 1365 2602 aristiphu-

272 2598 349 2700 sono
373 2621 450 2668 cum
480 2596 624 2666 diorum
642 2597 780 2668 historiae
809 2593 1019 2666 ecclefiasticte
1045 2596 1157 2684 libris,
1178 2603 1279 2674 etiam
1295 2605 1367 2674 inte
1389 2643 1391 2686 3

281 2699 406 2794 reliqua
428 2696 627 2767 Theodoreti
655 2720 767 2792 opert,
785 2695 890 2766 latine
903 2695 1066 2791 euulgata,
1087 2719 1185 2794 atque
1204 2706 1290 2774 inter
1304 2699 1368 2774 scii·

280 2820 338 2896 pra
357 2799 492 2868 historia
508 2796 729 2878 ecclesiastica,
753 2794 792 2864 ab
817 2799 955 2868 isenrico
976 2797 1087 2892 Velefio
1103 2803 1139 2869 in
1157 2799 1297 2886 latinum
1314 2787 1384 2872 set-¹

281 2922 420 2970 monem
438 2897 596 2968 conuersa
610 2921 647 2965 ac
665 2895 730 2965 sine
745 2915 831 2964 textu
847 2919 953 2989 graeco
971 2902 1124 2995 notisque
1144 2899 1243 2988 edita,
1254 2901 1369 2974 Paridis

280 3015 507 3075 MDchxvn.
538 2995 600 3070 fol.
626 3019 727 3088 grece
753 3019 791 3064 ac
814 2995 913 3066 latine
946 3022 1021 3067 curn
1046 3005 1185 3070 Geneuae
1226 3017 1372 3078 mcxii.

279 3096 344 3172 fol.
369 3119 440 3168 tum
455 3102 491 3166 in
510 3097 711 3167 Theodoreti
728 3095 894 3190 operibus,
914 3121 932 3166 a
957 3095 1056 3172 Iacob.
1070 3101 1238 3174 sirmondo
1258 3101 1376 3174 Parisiis

280 3215 455 3274 Mocxull.
481 3194 543 3268 fol.
568 3196 682 3273 editis;
729 3197 839 3292 p'ostea
867 3218 976 3270 autem
1005 3224 1082 3271 cura
1102 3205 1237 3274 Hmies
1261 3203 1375 3302 Velefi,

281 3297 403 3371 Parisiis
443 3315 656 3394 uocixxtrr.
683 3300 867 3390 Mogontia
896 3318 1106 3374 uoctxxrx.
1143 3303 1377 3390 Amstelodani

279 3415 456 3473 Mncxcv.
467 3400 524 3493 qui
535 3393 850 3467 nonsolurnnouam
860 3397 1273 3498 versionemnotasquetsed
1283 3409 1380 3478 etim

279 3495 809 3591 historiasssuagrii,1²hilostorgii
839 3522 877 3567 ac
901 3500 1067 3570 Theodori
1089 3502 1221 3574 lectoris
1246 3503 1379 3576 addidit:

269 3651 273 3656 -
365 3619 724 3681 intensionem,
763 3601 854 3668 cuius
900 3621 984 3693 opus
1034 3599 1164 3692 historia
1212 3601 1380 3702 eccdqstfis·

280 3719 336 3790 ee,
356 3695 398 3768 ab
414 3717 503 3765 anno
520 3697 626 3768 christi
646 3715 732 3773 ccc.
752 3723 853 3793 vsque
880 3699 920 3768 ad
937 3723 1061 3771 annum
1083 3711 1272 3780 ccccxxv.
1297 3705 1382 3778 duo-

279 3797 388 3868 decim
416 3795 506 3867 libris
528 3797 727 3881 distinctum,
755 3801 872 3868 iniuria
907 3819 1093 3895 temporum
1116 3803 1249 3899 quidem
1268 3809 1379 3904 periirs

277 3895 419 3993 superest
444 3917 556 3966 tamen
584 3897 669 3966 iliius
694 3901 857 3992 epitome,
879 3923 898 3968 a
925 3901 1033 3973 Pdotio
1055 3925 1203 4002 excerpta
1229 3925 1264 3978 et
1275 3903 1378 3992 abiis,

274 4019 351 4094 quse
367 4002 404 4068 in
427 3995 571 4067 eiusdem
594 3993 777 4070 bibliotheca
794 3997 836 4082 de
855 4024 953 4096 opere
971 4002 1036 4072 hoc
1054 4003 1226 4089 habtnmr,
1246 4005 1376 4080 diuetfi.

275 4101 406 4169 Primus
424 4097 514 4167 iilam
534 4119 637 4190 graece
661 4121 739 4172 cum
752 4099 853 4170 latim
874 4105 1158 4198 interpretatione,
1176 4105 1387 4180 vberioribtt·

275 4195 450 4294 doctisque
476 4193 745 4267 adnotationibus
767 4223 805 4267 ac
837 4202 1079 4294 prolegomenis
1107 4203 1234 4278 lacobus
1267 4209 1375 4280 Gorde-

264 4299 389 4390 fredus
409 4298 748 4372 Geneuae'utncxul.
770 4322 806 4389 4.
824 4304 859 4368 in
875 4300 982 4370 lucem
1001 4305 1148 4396 protulit.
1204 4307 1391 4380 Post-eun*

275 4402 438 4472 Henrt'cur
463 4392 595 4488 Volesus
618 4395 767 4494 eamdem
798 4401 1055 4474 emendatiorem
1078 4429 1220 4504 cumque
1244 4397 1377 4484 meliore

274 4495 432 4568 versone.
450 4517 487 4564 ae
508 4493 774 4586 notisediditac
787 4497 924 4568 historice
947 4504 1166 4590 Theodorou,
1188 4489 1377 4604 Euagrii-ae¹

275 4596 446 4694 Theodori
470 4593 601 4668 lectoris
620 4593 752 4688 adiecit,
782 4597 907 4674 Patisu's
942 4621 1156 4682 MDctxxtu.
1183 4633 1256 4706 qu:
1279 4611 1377 4684 editio

1259 4733 1375 4784 iterum
