3225 5509
614 643 943 694 accersiasrrc.
977 623 1002 630 ”
1274 609 1348 726 4'27·

211 745 1340 772 ......-.--..-.-...-.......................

244 800 310 868 siae
328 795 751 892 explicatiocruciatuum,
771 803 886 869 mortis
908 821 938 870 et
960 797 1125 896 sepultura
1138 801 1255 883 christi,
1269 801 1348 871 hoc·

243 921 310 991 que
325 893 481 966 sermone
497 895 577 966 illud
595 901 713 974 iterum
739 919 837 996 atque
861 905 980 968 iterum
997 897 1102 970 iucem
1124 903 1217 970 vidit.
1267 897 1349 974 E'di.

245 1003 378 1066 tionum
395 997 514 1064 harum
529 1002 623 1066 tertia
637 1013 901 1070 MDctxxvai.
924 1001 1010 1068 exiit.
1068 999 1273 1074 Conuersum
1304 1001 1349 1071 est

245 1121 330 1192 opus
349 1097 418 1166 hoc
437 1119 475 1164 ex
494 1093 623 1190 belgico
639 1093 789 1166 sermone
817 1103 852 1166 in
877 1099 1099 1190 germanicum
1131 1124 1167 1169 ac
1193 1125 1269 1170 cum
1298 1104 1350 1172 in-

245 1191 443 1290 scription&
466 1195 708 1292 gecrcrrtzigter
725 1194 883 1284 christiin
920 1197 997 1268 oder
1024 1200 1194 1296 erklarung
1214 1209 1274 1270 der
1292 1225 1350 1300 ge-

241 1291 379 1393 lesticbu
396 1295 453 1364 des
471 1295 587 1364 iridens
599 1343 608 1377 ‚
622 1291 760 1388 [sardens
787 1297 856 1366 ond
879 1293 1042 1396 begrir‘bnir
1059 1297 1120 1394 iefir
1136 1297 1247 1390 christi
1257 1359 1267 1394 ‚
1292 1326 1351 1372 aus

246 1397 309 1468 den
331 1393 512 1492 sudalam,
529 1392 703 1488 ramischcn
716 1409 783 1466 ona
804 1395 928 1466 andan
948 1407 1167 1498 antiquitatem
1185 1401 1351 1499 herausge·

247 1519 373 1590 angen,
397 1523 456 1566 am
481 1495 554 1566 esem
576 1495 841 1594 resedenteutschen
859 1505 909 1566 int
937 1499 1153 1594 bocbteutscbe
1172 1497 1350 1596 vbersetzt,

249 1593 383 1672 canens
395 1617 530 1670 nrDccr.
543 1615 729 1670 chcxvi.
740 1623 778 1684 4.
795 1621 798 1626 ·
815 1603 949 1689 Bynaeus
962 1599 1026 1693 ipse
1040 1601 1148 1694 postea
1159 1607 1352 1696 interpreta-

250 1703 380 1769 tionem
391 1698 529 1766 latinam
550 1701 595 1766 ita
620 1695 825 1791 composuit,
851 1718 887 1767 vt
903 1697 1010 1768 mustae
1026 1699 1139 1772 fierent
1161 1695 1358 1772 accessiones·

254 1819 286 1866 at
309 1821 351 1866 ue
366 1797 433 1880 ilia,
449 1802 486 1866 in
505 1821 566 1868 tres
580 1795 681 1866 libros
700 1796 799 1866 diuisa
817 1817 914 1892 atque
932 1798 973 1869 de
988 1819 1088 1871 morte
1101 1801 1162 1898 selu
1181 1800 1288 1895 cbrr'jsr'
1303 1807 1348 1871 in·

253 1895 390 1992 scripta,
429 1896 710 1994 quemadmodum
731 1897 929 1992 significan,
954 1903 991 1970 in
1014 1899 1354 1998 conspectumflpubli·

256 2021 331 2068 tum
355 1999 522 2094 prodiret:
543 1997 564 2042 *

331 2121 563 2172 francisci
598 2121 831 2170 avaritiam
878 2105 1031 2172 mactatio
1064 2097 1168 2172 breuis
1194 2093 1372 2204 solidaque

255 2197 293 2270 se
304 2196 437 2300 pafflone
458 2197 520 2293 ieje
536 2196 661 2286 cinisii,
683 2199 866 2276 Herbornae
886 2219 1061 2274 MDcxcva
1073 2223 1111 2289 4.

330 2347 430 2403 sarr.
455 2351 679 2398 rnrorarc.
712 2352 909 2399 avertant
951 2330 1163 2426 antiquitates
1174 2324 1359 2424 prffimsett

248 2425 562 2526 fluo-saffertatt'ones
577 2428 758 2500 academica
779 2435 814 2500 sn
836 2424 994 2532 paffiontm
1013 2426 1074 2530 itfit
1102 2427 1218 2521 chrisis,
1235 2431 1358 2498 Vitem·

259 2529 363 2624 berga
377 2547 568 2608 rmccxxr.
583 2552 619 2622 4.
1256 2591 1260 2610 ,

249 2653 252 2660 ·
342 2651 532 2698 inroitu
567 2652 1015 2708 rarrrrns‚nr1ttrirtnr
1054 2625 1361 2724 ninstidi-bisini·

258 2725 325 2828 [ὡς
344 2727 592 2828 benarbtungen
611 2727 689 2802 vber
708 2733 769 2800 das
790 2728 894 2802 lesden,
922 2729 990 2802 vad
1002 2727 1124 2822 fierden
1147 2727 1209 2823 ieſse
1230 2729 1358 2819 christi,

267 2829 458 2902 thislauiae
469 2843 776 2906 MDccxxxvl11.8.
792 2827 834 2873 ⁹⁶*
857 2831 948 2926 quod
961 2829 1152 2924 opusculum
1172 2830 1260 2902 varia
1280 2855 1361 2902 con·
1447 2845 1452 2856 ·

265 2935 369 3015 tinet,
390 2930 432 3000 ab
451 2929 520 2998 aliis
544 2934 727 3022 argumenti
752 2932 846 3004 huius
872 2930 1059 3006 auctoribus
1086 2927 1289 3027 praetermissa
1312 2951 1362 2998 at.

266 3055 327 3126 que
338 3036 387 3100 ita
403 3029 557 3124 scriptum
576 3032 642 3112 est,
669 3053 704 3100 vt
726 3031 896 3128 vtilitatenr
914 3029 1054 3126 praebeat
1069 3055 1137 3102 non
1151 3029 1256 3102 solum
1268 3035 1363 3105 iuris·

266 3132 460 3230 prudentiam
484 3155 597 3200 verum
613 3135 711 3200 etiam
728 3131 898 3203 diuiniotis
914 3129 1068 3201 doctrine
1084 3131 1274 3202 cultoribus.

337 3231 407 3304 Alii
426 3231 596 3326 singularia
614 3235 720 3324 capita
739 3231 876 3301 historiae
903 3230 1008 3301 christi
1032 3235 1183 3326 patientis
1214 3229 1367 3326 explana.

267 3353 358 3417 nint,
385 3356 456 3428 quae
473 3355 576 3426 quum
598 3330 700 3400 multa
721 3335 877 3426 variaque
904 3329 987 3413 sunt,
1006 3330 1154 3424 quadam
1178 3350 1306 3402 tantum
1326 3331 1367 3399 il·

267 3431 376 3505 lonrm
403 3429 572 3500 adnotabo
587 3455 626 3504 ac
643 3429 751 3525 qualia
771 3431 811 3502 de
832 3431 894 3500 illis
919 3429 1035 3526 scripta
1060 3430 1200 3513 exstent,
1223 3431 1369 3502 distincte

269 3533 419 3610 referam,
471 3536 661 3626 Antequam
679 3551 791 3600 tamen
808 3531 850 3600 ad
881 3556 918 3601 ea
939 3531 1159 3604 enumeranda
1195 3531 1368 3614 accedam,

269 3633 453 3728 enarrabo,
483 3657 554 3726 qua:
580 3631 695 3701 tradita
716 3629 775 3699 fint
796 3631 836 3702 de
857 3631 969 3703 vltima
994 3627 1098 3724 christi
1115 3656 1220 3726 cana,
1250 3629 1370 3728 specia-

270 3741 328 3810 tim
351 3736 393 3805 de
415 3756 475 3806 eo:
501 3756 582 3802 num
605 3729 748 3800 seruator
788 3737 825 3800 in
865 3753 959 3800 coena
981 3730 1042 3803 hac
1071 3755 1145 3800 vere
1167 3756 1289 3826 agnum
1313 3757 1370 3827 pa-

270 3835 410 3910 schalem
426 3831 605 3904 comederit
616 3858 629 3911 ‚·
641 3838 772 3901 necne?
796 3830 884 3926 fique
898 3830 991 3904 illum
1008 3831 1199 3914 comederit,
1223 3857 1303 3904 num
1314 3857 1371 3902 co·

271 3937 345 4008 dem
358 3935 412 4006 die
428 3954 524 4028 atque
540 3931 654 4006 eadem
672 3932 754 4002 hora
775 3956 850 4000 cum
870 3930 1001 4013 itrdaeisa
1021 3956 1064 4002 an
1079 3930 1204 4002 diuerso
1227 3954 1374 4030 tempore

270 4033 388 4132 pascha
411 4032 561 4102 vltimum
581 4032 809 4101 celebrauerit?
826 4029 933 4098 Multa
946 4029 1007 4099 hac
1026 4031 1065 4101 de
1080 4055 1116 4104 re
1136 4031 1294 4129 disputata
1314 4030 1374 4101 csse

271 4143 427 4232 virosque
455 4128 679 4218 eruditissimos
703 4137 787 4202 inter
815 4128 845 4199 sc
873 4126 1056 4214 dissentire,
1089 4131 1215 4201 constat
1245 4158 1282 4201 ac
1303 4159 1374 4228 quat

272 4263 361 4312 nunc
376 4236 576 4330 sequuntur,
598 4235 721 4328 ingenii
739 4230 1215 4331 monimenta-comprobant:¹
1325 4230 1327 4233 ’

1324 4376 1377 4424 ιο.

227 4515 1378 4542 ...........................-.........,.-...-.-,,

265 4599 284 4630 '¹‘
306 4611 518 4654 arceantur
541 4593 677 4652 mentones
698 4607 765 4649 tam.
780 4609 845 4650 vir.
865 4608 975 4670 p.124.

266 4696 302 4736 *²¹
322 4711 382 4754 aera
396 4692 517 4758 auditor.
535 4709 777 4756 moccxxxrx.
790 4693 912 4776 .P·,⁶9²·
