3225 5509
554 615 882 670 nccoasrasrcc.
1240 609 1288 684 27

153 841 156 846 .
183 769 261 842 iant
288 773 326 842 iu
344 779 492 843 marrim
522 773 564 846 ele
587 794 724 875 comptar
748 777 792 845 les
809 774 927 846 ·annier
955 774 1010 848 elas
1034 772 1232 879 patriarches
1256 772 1291 860 *,

185 897 251 948 vna
261 869 340 944 cuni
358 899 495 945 exarnen
510 877 552 946 de
569 873 603 947 lo
614 882 791 949 coniectura
803 875 850 947 du
861 879 899 952 P.
915 877 956 950 de
976 880 1196 967 Tournemine,
1215 900 1291 946 auce

190 974 222 1046 la
245 974 363 1076 repausa
385 977 426 1047 dc
442 977 557 1046 celuici
579 998 663 1051 acet
681 1001 814 1048 examen
835 981 878 1021 ⁴¹*
898 1001 936 1046 ac
952 977 1072 1070 dejersse
1085 977 1130 1047 du
1152 998 1292 1048 nouaeau

164 1163 168 1168 Ι
186 1070 349 1172 [ᾔτησά
370 1077 569 1174 chronologic
582 1080 627 1149 du
639 1081 682 1156 P.
706 1084 927 1153 Tournemine.
941 1078 1004 1123 *⁸⁸*

248 1176 329 1248 -nlii
345 1179 496 1273 partibus
526 1180 721 1274 quibusdam
733 1179 967 1273 'chronologiae
986 1178 1078 1254 sacrae
1100 1176 1293 1248 illustrandis

186 1301 323 1374 operam
330 1278 515 1362 dederunt,
535 1279 581 1350 iili
597 1284 764 1365 nimirum,
781 1279 909 1377 quand
927 1281 1124 1375 patriarchas
1144 1282 1295 1374 pertinet,
1341 1331 1345 1344 .

186 1379 372 1450 cuiusmodi
392 1378 682 1476 laborepcrfuncti
702 1380 796 1453 sunt:
832 1405 889 1457 10.
918 1404 1102 1450 unrrssr.
1133 1402 1295 1447 scicc1o·

190 1503 253 1550 ιιι
294 1503 331 1550 et
360 1503 551 1550 uuuarvs
583 1505 741 1574 sopanus.
783 1504 1115 1552 rovnuanuuws
1160 1484 1197 1548 in
1233 1475 1295 1548 dis·
1401 1517 1405 1526 =

184 1578 416 1652 sectationibus
458 1580 499 1651 dc
530 1588 623 1651 annis
644 1580 929 1681 patriarcharum:
953 1577 975 1626 *
1011 1605 1069 1655 co.
1092 1589 1296 1650 ἡιιιιιιιο.

193 1702 493 1751 nctouoocnvs
524 1686 561 1752 in
577 1680 704 1774 bolsario
724 1682 1004 1780 patriarcharum,
1030 1684 1086 1777 qui
1104 1704 1175 1750 non
1190 1677 1296 1751 solum

190 1778 400 1850 difficultates·
409 1781 682 1876 chronologicas,
700 1808 772 1879 quae
790 1783 831 1853 ad
852 1783 1019 1853 historiam
1035 1783 1120 1849 hanc
1139 1778 1295 1874 spectant,

192 1879 307 1950 tollere
332 1878 477 1958 luduin
502 1879 571 1953 sed·
586 1886 685 1953 ctiam
709 1883 935 1980 chronologiam
952 1879 1075 1975 [emant
1092 1879 1297 1977 patriarche·
1323 1923 1326 1928 -
1424 1957 1427 1966 ,

192 2005 267 2054 rans
286 1979 415 2056 adiecit.
469 1986 509 2052 In
533 2005 710 2052 uscocar
741 2003 943 2053 ovacuant
969 1981 1147 2077 originibus
1171 1979 1296 2062 masnil,
1328 2015 1332 2024 ·

190 2079 428 2156 Amstelodasni
454 2099 680 2178 ntDccvmn.
704 2107 871 2154 annorum
897 2084 989 2154 series
1013 2108 1032 2151 a
1054 2082 1181 2152 mundo
1214 2103 1296 2150 con·

189 2181 261 2252 dito
279 2206 384 2277 voque
405 2179 450 2252 ad
468 2205 606 2274 regnum
615 2181 719 2252 Saulis
743 2183 944 2253 exhibentur.
991 2187 1143 2274 Origines
1164 2203 1299 2249 monar-

190 2285 341 2353 chiarum
361 2279 665 2376 antiquissimarum,
685 2307 761 2378 iqua
781 2287 818 2352 in
840 2281 933 2352 sacris
957 2282 1070 2350 litteris
1091 2302 1298 2348 commemo·
1327 2325 1329 2332 -
1376 2283 1387 2310 '

190 2383 563 2475 rantur,indagarunt:
596 2407 865 2452 nunnauuvs
894 2404 1161 2450 countuosvs
1198 2375 1301 2450 inad-

190 2479 347 2579 seersariis
363 2483 590 2581 chronologicis
611 2483 653 2554 de
667 2484 738 2577 Afic
762 2501 793 2552 et
813 2487 948 2583 Aegypti
964 2471 1185 2582 antiqus'fflmis¹
1197 2479 1300 2572 dyna-

191 2583 276 2680 lis'is,
299 2581 488 2653 Helmstadii
520 2594 690 2677 Moci-4·
713 2582 774 2629 **·
813 2607 953 2655 ancon.
984 2605 1237 2656 Punszomvs
1266 2583 1302 2650 in

197 2682 378 2781 originilnu
415 2681 604 2780 babylonicis
640 2702 673 2754 at
718 2691 913 2784 aegyptiacis,
953 2684 1106 2778 Lugduni
1143 2686 1307 2776 Batauos.¹

200 2799 371 2860 Mucctu.
394 2795 425 2868 8.
449 2785 491 2854 ad
521 2807 592 2882 quae
615 2781 731 2880 scripta
755 2787 889 2879 adiungi
920 2782 1072 2881 possunt:
1105 2804 1301 2872 casana.

202 2907 348 2956 aazias
374 2882 499 2977 hastario
528 2886 783 2957 monarchiarum
815 2880 902 2955 orbis
920 2892 1059 2984 antiqui,
1076 2909 1143 2982 qua
1152 2880 1211 2976 fisi
1228 2880 1302 2979 affy·

200 2995 295 3057 riata
311 2993 434 3057 nomine
446 2988 540 3083 vulgo
563 2986 781 3086 comprehendi
789 2984 913 3083 solnst,
932 2986 1040 3082 Lipsiae
1070 3002 1240 3057 MDcch·
1265 2995 1302 3065 8.

202 3111 241 3157 ac
268 3110 390 3156 cocao
420 3111 569 3158 curcur
597 3090 754 3186 paratitlo
785 3087 985 3184 chronologia
1006 3106 1038 3157 et
1056 3083 1184 3181 historic
1199 3080 1305 3173 lana,

202 3190 353 3259 amuda
365 3188 494 3259 condito
517 3211 616 3287 voque
633 3189 679 3259 ad
692 3186 747 3274 rain
771 3182 874 3281 ἔξοδον
895 3190 1108 3276 israelitarum
1129 3209 1170 3253 ex
1200 3188 1306 3280 Aegy·

198 3286 512 3390 pta‚limstelodarni
530 3308 719 3364 Moccxxl.
736 3300 769 3373 8.
782 3289 845 3333 *¹⁶*
859 3294 915 3385 qui
931 3313 1033 3384 quum
1047 3289 1195 3355 animum
1212 3287 1308 3353 indu·

203 3386 302 3475 nisset,
342 3389 597 3483 chronologiam
631 3410 664 3459 ct
692 3392 861 3460 historiam
899 3390 1055 3459 vetustam
1090 3388 1307 3478 interpretari,

206 3515 304 3586 quam
329 3488 490 3585 scripnsra
521 3496 681 3588 praecipue
702 3490 819 3559 diuina
841 3490 1051 3570 tradiderunt,
1079 3490 1114 3554 in
1132 3482 1308 3579 persuaso-

188 3616 280 3662 ·nem
307 3595 417 3674 venit,
444 3591 536 3660 istam
564 3589 655 3660 simul
676 3596 712 3659 in
738 3614 876 3660 ovinus
908 3589 995 3659 libris
1032 3581 1308 3684 metamorphoje'on

207 3691 427 3762 adsnnhratom
453 3688 647 3789 astatque
668 3690 779 3760 vtilem
798 3714 933 3786 operam
957 3688 1080 3783 suscipi,
1097 3685 1307 3768 {existimauin

207 3791 230 3861 ss
250 3792 471 3887 chronologia
490 3790 579 3863 sacra
596 3816 673 3863 cum
696 3790 840 3890 profana
859 3815 962 3892 caque
988 3790 1143 3863 ouidiana
1166 3789 1308 3855 curatius

209 3915 429 3989 comparetur.
1215 3891 1309 3956 Con·

710 4036 1311 4058 ...κισ-Μ

202 4147 219 4184 ⁸
243 4152 363 4209 munic.
380 4147 413 4212 sle
434 4144 566 4207 Treuoux
587 4167 746 4214 uoccsv.
757 4152 864 4211 ianuar.
882 4168 911 4231 p.
930 4163 980 4223 4¹.

202 4230 236 4268 ⁸*
253 4231 349 4292 ihiiem
367 4229 473 4313 auguli.
493 4250 522 4297 p.
537 4239 553 4295 Β
559 4251 586 4304 5.

203 4315 251 4356 *0*
270 4313 369 4375 ibidem
389 4333 544 4375 uocaus.
565 4312 669 4395 auguli.
690 4335 718 4393 p.
736 4317 823 4394 1396.

204 4398 303 4459 *vide
327 4416 518 4458 usauocuu
541 4415 715 4458 commentor,
736 4403 766 4458 in
781 4397 853 4474 socr.
871 4394 1007 4478 scriptur.
1028 4411 1095 4457 tom.
1122 4412 1164 4455 ιι.
1189 4411 1220 4472 p·
1245 4396 1312 4465 388·

227 4482 296 4546 edis.
316 4485 424 4541 Vcnct.
445 4500 648 4541 uoccxtcrs.

205 4562 237 4606 *⁴
258 4564 401 4642 scriptum
419 4562 473 4623 hoc
486 4566 653 4627 consulatum
670 4561 709 4626 est
727 4566 760 4626 in
782 4584 929 4627 unsrun
944 4562 1091 4650 syntagma
1105 4563 1209 4622 variar.
1222 4553 1252 4615 si
1272 4570 1315 4613 tr·

232 4655 369 4707 arsionum
387 4667 407 4725 p
430 4657 496 4720 138.

206 4731 259 4772 ”⁸
278 4751 340 4792 ccco
356 4730 492 4793 erudiam.
515 4752 719 4796 unccxxsr.
736 4754 766 4814 p.
781 4743 848 4802 tot.
