<?xml version="1.0" encoding="UTF-8"?>
<!DOCTYPE html PUBLIC "-//W3C//DTD XHTML 1.0 Transitional//EN"
    "http://www.w3.org/TR/xhtml1/DTD/xhtml1-transitional.dtd">
<html xmlns="http://www.w3.org/1999/xhtml" xml:lang="en" lang="en">
 <head>
  <title>
</title>
<meta http-equiv="Content-Type" content="text/html;charset=utf-8" />
  <meta name='ocr-system' content='tesseract 3.04.00' />
  <meta name='ocr-capabilities' content='ocr_page ocr_carea ocr_par ocr_line ocrx_word'/>
</head>
<body>
  <div class='ocr_page' id='page_1' title='image "./iogeorgiiwalchi00walcgoog_0115.png"; bbox 0 0 3225 5509; ppageno 0'>
   <div class='ocr_carea' id='block_1_1' title="bbox 539 631 1301 720">
    <p class='ocr_par' dir='ltr' id='par_1_1' title="bbox 539 631 1301 720">
     <span class='ocr_line' id='line_1_1' title="bbox 539 631 1301 720; baseline -0.004 -23"><span class='ocrx_word' id='word_1_1' title='bbox 539 647 868 708; x_wconf 75' lang='lat' dir='ltr'>eeaerarreere.</span> <span class='ocrx_word' id='word_1_2' title='bbox 1250 631 1301 720; x_wconf 80' lang='lat'>89</span> 
     </span>
    </p>
   </div>
   <div class='ocr_carea' id='block_1_2' title="bbox 875 741 1258 764">
    <p class='ocr_par' dir='ltr' id='par_1_2' title="bbox 875 741 1258 764">
     <span class='ocr_line' id='line_1_2' title="bbox 875 741 1258 764; baseline 0.005 -3"><span class='ocrx_word' id='word_1_3' title='bbox 875 741 1258 764; x_wconf 51' lang='lat' dir='ltr'>m</span> 
     </span>
    </p>
   </div>
   <div class='ocr_carea' id='block_1_3' title="bbox 149 789 1457 4314">
    <p class='ocr_par' dir='ltr' id='par_1_3' title="bbox 179 789 1303 1092">
     <span class='ocr_line' id='line_1_3' title="bbox 179 789 1302 962; baseline 0.003 -100"><span class='ocrx_word' id='word_1_4' title='bbox 179 789 355 962; x_wconf 70' lang='lat' dir='ltr'>ppoddam</span> <span class='ocrx_word' id='word_1_5' title='bbox 378 789 520 868; x_wconf 79' lang='lat' dir='ltr'>hebent.</span> <span class='ocrx_word' id='word_1_6' title='bbox 563 797 618 868; x_wconf 86' lang='lat' dir='ltr'>De</span> <span class='ocrx_word' id='word_1_7' title='bbox 637 792 789 888; x_wconf 82' lang='lat' dir='ltr'>longiore</span> <span class='ocrx_word' id='word_1_8' title='bbox 810 797 877 864; x_wconf 89' lang='lat' dir='ltr'>vita</span> <span class='ocrx_word' id='word_1_9' title='bbox 897 795 1157 888; x_wconf 86' lang='lat' dir='ltr'>patriarcharum</span> <span class='ocrx_word' id='word_1_10' title='bbox 1173 790 1302 886; x_wconf 88' lang='lat' dir='ltr'>legendi</span> 
     </span>
     <span class='ocr_line' id='line_1_4' title="bbox 218 889 1302 986; baseline 0.002 -24"><span class='ocrx_word' id='word_1_11' title='bbox 218 915 272 962; x_wconf 83' lang='lat' dir='ltr'>nt:</span> <span class='ocrx_word' id='word_1_12' title='bbox 315 915 501 966; x_wconf 78' lang='lat' dir='ltr'>eerrrn.</span> <span class='ocrx_word' id='word_1_13' title='bbox 530 915 715 964; x_wconf 80' lang='lat' dir='ltr'>ernorra</span> <span class='ocrx_word' id='word_1_14' title='bbox 734 889 954 964; x_wconf 74' lang='lat' dir='ltr'>dissertatione</span> <span class='ocrx_word' id='word_1_15' title='bbox 978 893 1018 963; x_wconf 93' lang='lat' dir='ltr'>de</span> <span class='ocrx_word' id='word_1_16' title='bbox 1039 893 1302 986; x_wconf 77' lang='lat' dir='ltr'>patriarcharum</span> 
     </span>
     <span class='ocr_line' id='line_1_5' title="bbox 188 989 1303 1092; baseline 0 -28"><span class='ocrx_word' id='word_1_17' title='bbox 188 989 399 1090; x_wconf 70' lang='lat' dir='ltr'>hege-itaet,</span> <span class='ocrx_word' id='word_1_18' title='bbox 417 991 504 1088; x_wconf 83' lang='lat' dir='ltr'>Lips.</span> <span class='ocrx_word' id='word_1_19' title='bbox 519 995 742 1069; x_wconf 76' lang='lat' dir='ltr'>&#39;MDchvsst.</span> <span class='ocrx_word' id='word_1_20' title='bbox 768 1017 877 1064; x_wconf 79' lang='lat' dir='ltr'>carr.</span> <span class='ocrx_word' id='word_1_21' title='bbox 904 1019 1140 1092; x_wconf 15' lang='lat' dir='ltr'>nunaurvrvs</span> <span class='ocrx_word' id='word_1_22' title='bbox 1160 991 1303 1089; x_wconf 89' lang='lat' dir='ltr'>disputa-</span> 
     </span>
    </p>

    <p class='ocr_par' dir='ltr' id='par_1_4' title="bbox 192 1089 1019 1194">
     <span class='ocr_line' id='line_1_6' title="bbox 192 1089 1019 1194; baseline 0.001 -30"><span class='ocrx_word' id='word_1_23' title='bbox 192 1096 280 1164; x_wconf 85' lang='lat' dir='ltr'>tione</span> <span class='ocrx_word' id='word_1_24' title='bbox 294 1094 338 1164; x_wconf 89' lang='lat' dir='ltr'>de</span> <span class='ocrx_word' id='word_1_25' title='bbox 354 1091 464 1188; x_wconf 77' lang='lat' dir='ltr'>cateffir</span> <span class='ocrx_word' id='word_1_26' title='bbox 479 1095 691 1188; x_wconf 65' lang='lat' dir='ltr'>longanimus</span> <span class='ocrx_word' id='word_1_27' title='bbox 706 1089 978 1194; x_wconf 73' lang='lat' dir='ltr'>patriarcharum.</span> <span class='ocrx_word' id='word_1_28' title='bbox 999 1099 1019 1138; x_wconf 82' lang='grc'>*</span> 
     </span>
    </p>

    <p class='ocr_par' dir='ltr' id='par_1_5' title="bbox 188 1185 1305 1394">
     <span class='ocr_line' id='line_1_7' title="bbox 263 1185 1305 1294; baseline 0.001 -28"><span class='ocrx_word' id='word_1_29' title='bbox 263 1200 475 1290; x_wconf 78' lang='lat' dir='ltr'>Scriptorum</span> <span class='ocrx_word' id='word_1_30' title='bbox 498 1195 541 1266; x_wconf 82' lang='lat' dir='ltr'>de</span> <span class='ocrx_word' id='word_1_31' title='bbox 565 1198 727 1294; x_wconf 81' lang='lat' dir='ltr'>prophetis</span> <span class='ocrx_word' id='word_1_32' title='bbox 758 1195 828 1266; x_wconf 90' lang='lat' dir='ltr'>duo</span> <span class='ocrx_word' id='word_1_33' title='bbox 856 1195 979 1267; x_wconf 86' lang='lat' dir='ltr'>exstant</span> <span class='ocrx_word' id='word_1_34' title='bbox 998 1219 1128 1289; x_wconf 86' lang='lat' dir='ltr'>genera.</span> <span class='ocrx_word' id='word_1_35' title='bbox 1178 1185 1246 1268; x_wconf 77' lang='lat' dir='ltr'>allii</span> <span class='ocrx_word' id='word_1_36' title='bbox 1264 1193 1305 1267; x_wconf 83' lang='lat' dir='ltr'>de</span> 
     </span>
     <span class='ocr_line' id='line_1_8' title="bbox 188 1293 1207 1394; baseline -0.006 -26"><span class='ocrx_word' id='word_1_37' title='bbox 188 1293 249 1368; x_wconf 76' lang='lat' dir='ltr'>illia</span> <span class='ocrx_word' id='word_1_38' title='bbox 261 1303 452 1394; x_wconf 70' lang='lat' dir='ltr'><em>generatim</em></span> <span class='ocrx_word' id='word_1_39' title='bbox 485 1295 712 1390; x_wconf 82' lang='lat' dir='ltr'>exposuerunt,</span> <span class='ocrx_word' id='word_1_40' title='bbox 730 1299 766 1366; x_wconf 94' lang='lat' dir='ltr'>in</span> <span class='ocrx_word' id='word_1_41' title='bbox 787 1321 932 1393; x_wconf 87' lang='lat' dir='ltr'>quorum</span> <span class='ocrx_word' id='word_1_42' title='bbox 955 1319 1095 1366; x_wconf 89' lang='lat' dir='ltr'>numero</span> <span class='ocrx_word' id='word_1_43' title='bbox 1113 1294 1207 1365; x_wconf 89' lang='lat' dir='ltr'>sunt:</span> 
     </span>
    </p>

    <p class='ocr_par' dir='ltr' id='par_1_6' title="bbox 185 1395 1357 1896">
     <span class='ocr_line' id='line_1_9' title="bbox 209 1395 1305 1490; baseline -0.002 -24"><span class='ocrx_word' id='word_1_44' title='bbox 209 1481 223 1488; x_wconf 86' lang='lat'>..</span> <span class='ocrx_word' id='word_1_45' title='bbox 263 1421 322 1466; x_wconf 89' lang='lat' dir='ltr'>ro.</span> <span class='ocrx_word' id='word_1_46' title='bbox 352 1419 551 1466; x_wconf 69' lang='lat' dir='ltr'>retertur-:i</span> <span class='ocrx_word' id='word_1_47' title='bbox 582 1420 831 1480; x_wconf 69' lang='lat' dir='ltr'>ermenius,</span> <span class='ocrx_word' id='word_1_48' title='bbox 858 1401 950 1470; x_wconf 85' lang='lat' dir='ltr'>cuius</span> <span class='ocrx_word' id='word_1_49' title='bbox 975 1401 1010 1466; x_wconf 89' lang='lat' dir='ltr'>in</span> <span class='ocrx_word' id='word_1_50' title='bbox 1028 1396 1136 1466; x_wconf 90' lang='lat' dir='ltr'>lucem</span> <span class='ocrx_word' id='word_1_51' title='bbox 1164 1395 1305 1490; x_wconf 89' lang='lat' dir='ltr'>prodiit:</span> 
     </span>
     <span class='ocr_line' id='line_1_10' title="bbox 185 1479 1309 1596; baseline 0.001 -30"><span class='ocrx_word' id='word_1_52' title='bbox 185 1495 355 1596; x_wconf 76' lang='lat' dir='ltr'>prophetea</span> <span class='ocrx_word' id='word_1_53' title='bbox 369 1492 495 1591; x_wconf 85' lang='lat' dir='ltr'>·schul,</span> <span class='ocrx_word' id='word_1_54' title='bbox 513 1479 575 1566; x_wconf 77' lang='lat' dir='ltr'>eles</span> <span class='ocrx_word' id='word_1_55' title='bbox 594 1495 643 1589; x_wconf 73' lang='lat' dir='ltr'>ijs,</span> <span class='ocrx_word' id='word_1_56' title='bbox 670 1495 842 1590; x_wconf 68' lang='lat' dir='ltr'>christliche</span> <span class='ocrx_word' id='word_1_57' title='bbox 855 1494 1033 1596; x_wconf 77' lang='lat' dir='ltr'>anheismg</span> <span class='ocrx_word' id='word_1_58' title='bbox 1057 1523 1101 1566; x_wconf 83' lang='lat' dir='ltr'>eu</span> <span class='ocrx_word' id='word_1_59' title='bbox 1121 1495 1309 1592; x_wconf 80' lang='lat' dir='ltr'>gotrselige&#39;r</span> 
     </span>
     <span class='ocr_line' id='line_1_11' title="bbox 187 1593 1308 1698; baseline 0.001 -32"><span class='ocrx_word' id='word_1_60' title='bbox 187 1593 406 1692; x_wconf 75' lang='lat' dir='ltr'>durachieng</span> <span class='ocrx_word' id='word_1_61' title='bbox 432 1600 488 1666; x_wconf 82' lang='lat' dir='ltr'>der</span> <span class='ocrx_word' id='word_1_62' title='bbox 506 1596 605 1668; x_wconf 79' lang='lat' dir='ltr'>leheris</span> <span class='ocrx_word' id='word_1_63' title='bbox 626 1597 695 1668; x_wconf 84' lang='lat' dir='ltr'>ond</span> <span class='ocrx_word' id='word_1_64' title='bbox 708 1601 770 1670; x_wconf 80' lang='lat' dir='ltr'>der</span> <span class='ocrx_word' id='word_1_65' title='bbox 782 1599 868 1670; x_wconf 83' lang='lat' dir='ltr'>lehre</span> <span class='ocrx_word' id='word_1_66' title='bbox 886 1597 1015 1694; x_wconf 68' lang='lat' dir='ltr'>heiligen</span> <span class='ocrx_word' id='word_1_67' title='bbox 1036 1599 1207 1698; x_wconf 75' lang='lat' dir='ltr'><em>propheten</em></span> <span class='ocrx_word' id='word_1_68' title='bbox 1227 1595 1308 1670; x_wconf 75' lang='lat' dir='ltr'>ulter</span> 
     </span>
     <span class='ocr_line' id='line_1_12' title="bbox 187 1695 1357 1792; baseline 0.002 -22"><span class='ocrx_word' id='word_1_69' title='bbox 187 1695 383 1792; x_wconf 60' lang='lat' dir='ltr'>apamenis,</span> <span class='ocrx_word' id='word_1_70' title='bbox 417 1697 648 1792; x_wconf 77' lang='lat' dir='ltr'>Norimberge</span> <span class='ocrx_word' id='word_1_71' title='bbox 667 1717 842 1772; x_wconf 79' lang='lat' dir='ltr'>uocrxu.</span> <span class='ocrx_word' id='word_1_72' title='bbox 866 1703 1056 1774; x_wconf 77' lang='lat' dir='ltr'>uocxcrx.</span> <span class='ocrx_word' id='word_1_73' title='bbox 1072 1719 1109 1792; x_wconf 89' lang='lat'>4.</span> <span class='ocrx_word' id='word_1_74' title='bbox 1134 1723 1210 1772; x_wconf 87' lang='lat' dir='ltr'>cum</span> <span class='ocrx_word' id='word_1_75' title='bbox 1225 1697 1310 1792; x_wconf 82' lang='lat' dir='ltr'>figu-</span> <span class='ocrx_word' id='word_1_76' title='bbox 1355 1767 1357 1772; x_wconf 86' lang='lat'><em>.</em></span> 
     </span>
     <span class='ocr_line' id='line_1_13' title="bbox 190 1796 1308 1896; baseline -0.002 -26"><span class='ocrx_word' id='word_1_77' title='bbox 190 1803 238 1870; x_wconf 81' lang='lat' dir='ltr'>ris</span> <span class='ocrx_word' id='word_1_78' title='bbox 259 1799 521 1895; x_wconf 85' lang='lat' dir='ltr'>prophetarum,</span> <span class='ocrx_word' id='word_1_79' title='bbox 538 1803 572 1868; x_wconf 92' lang='lat' dir='ltr'>in</span> <span class='ocrx_word' id='word_1_80' title='bbox 586 1823 626 1868; x_wconf 79' lang='lat' dir='ltr'>es</span> <span class='ocrx_word' id='word_1_81' title='bbox 642 1796 770 1883; x_wconf 87' lang='lat' dir='ltr'>incifis,</span> <span class='ocrx_word' id='word_1_82' title='bbox 793 1798 875 1870; x_wconf 88' lang='lat' dir='ltr'>liber</span> <span class='ocrx_word' id='word_1_83' title='bbox 896 1801 1021 1870; x_wconf 88' lang='lat' dir='ltr'>erudite</span> <span class='ocrx_word' id='word_1_84' title='bbox 1036 1823 1074 1868; x_wconf 90' lang='lat' dir='ltr'>ac</span> <span class='ocrx_word' id='word_1_85' title='bbox 1087 1803 1139 1896; x_wconf 90' lang='lat' dir='ltr'>pie</span> <span class='ocrx_word' id='word_1_86' title='bbox 1152 1797 1308 1896; x_wconf 83' lang='lat' dir='ltr'>scriptos:</span> 
     </span>
    </p>

    <p class='ocr_par' dir='ltr' id='par_1_7' title="bbox 149 1899 1457 4314">
     <span class='ocr_line' id='line_1_14' title="bbox 286 1899 1310 2000; baseline 0.003 -32"><span class='ocrx_word' id='word_1_87' title='bbox 286 1923 557 1978; x_wconf 75' lang='lat' dir='ltr'>nrnraarartvs</span> <span class='ocrx_word' id='word_1_88' title='bbox 584 1899 1310 2000; x_wconf 74' lang='lat' dir='ltr'>terrervslibrodeprophett&#39;retpeophett&#39;e,</span> 
     </span>
     <span class='ocr_line' id='line_1_15' title="bbox 193 1998 1312 2098; baseline 0.004 -28"><span class='ocrx_word' id='word_1_89' title='bbox 193 2024 266 2098; x_wconf 81' lang='lat' dir='ltr'>quo</span> <span class='ocrx_word' id='word_1_90' title='bbox 285 2000 462 2098; x_wconf 78' lang='lat' dir='ltr'>postquam</span> <span class='ocrx_word' id='word_1_91' title='bbox 497 1998 599 2068; x_wconf 90' lang='lat' dir='ltr'>multa</span> <span class='ocrx_word' id='word_1_92' title='bbox 613 2001 854 2094; x_wconf 83' lang='lat' dir='ltr'>generatimde</span> <span class='ocrx_word' id='word_1_93' title='bbox 870 2003 1061 2076; x_wconf 89' lang='lat' dir='ltr'>nominibus</span> <span class='ocrx_word' id='word_1_94' title='bbox 1077 2003 1312 2098; x_wconf 85' lang='lat' dir='ltr'>prophetarum</span> 
     </span>
     <span class='ocr_line' id='line_1_16' title="bbox 194 2099 1312 2195; baseline -0.002 -23"><span class='ocrx_word' id='word_1_95' title='bbox 194 2101 358 2172; x_wconf 80' lang='lat' dir='ltr'>ebraicir:</span> <span class='ocrx_word' id='word_1_96' title='bbox 390 2101 430 2172; x_wconf 90' lang='lat' dir='ltr'>de</span> <span class='ocrx_word' id='word_1_97' title='bbox 448 2101 641 2195; x_wconf 83' lang='lat' dir='ltr'>prophetia,</span> <span class='ocrx_word' id='word_1_98' title='bbox 667 2105 763 2170; x_wconf 85' lang='lat' dir='ltr'>variis</span> <span class='ocrx_word' id='word_1_99' title='bbox 788 2099 1050 2195; x_wconf 87' lang='lat' dir='ltr'>patefactionum</span> <span class='ocrx_word' id='word_1_100' title='bbox 1068 2103 1186 2182; x_wconf 89' lang='lat' dir='ltr'>modis,</span> <span class='ocrx_word' id='word_1_101' title='bbox 1206 2101 1312 2192; x_wconf 85' lang='lat' dir='ltr'>ectasi,</span> 
     </span>
     <span class='ocr_line' id='line_1_17' title="bbox 194 2199 1311 2294; baseline -0.004 -20"><span class='ocrx_word' id='word_1_102' title='bbox 194 2203 392 2283; x_wconf 81' lang='lat' dir='ltr'><strong>insomniis,</strong></span> <span class='ocrx_word' id='word_1_103' title='bbox 416 2199 618 2272; x_wconf 84' lang='lat' dir='ltr'>reuelatione</span> <span class='ocrx_word' id='word_1_104' title='bbox 649 2223 707 2294; x_wconf 88' lang='lat' dir='ltr'>per</span> <span class='ocrx_word' id='word_1_105' title='bbox 738 2199 892 2292; x_wconf 83' lang='lat' dir='ltr'>angelos:</span> <span class='ocrx_word' id='word_1_106' title='bbox 918 2201 959 2272; x_wconf 91' lang='lat' dir='ltr'>de</span> <span class='ocrx_word' id='word_1_107' title='bbox 981 2203 1157 2294; x_wconf 86' lang='lat' dir='ltr'>priuilegiis</span> <span class='ocrx_word' id='word_1_108' title='bbox 1184 2199 1311 2270; x_wconf 87' lang='lat' dir='ltr'>Mosrs:</span> 
     </span>
     <span class='ocr_line' id='line_1_18' title="bbox 194 2299 1313 2398; baseline 0 -26"><span class='ocrx_word' id='word_1_109' title='bbox 194 2301 239 2372; x_wconf 88' lang='lat' dir='ltr'>de</span> <span class='ocrx_word' id='word_1_110' title='bbox 249 2301 411 2398; x_wconf 84' lang='lat' dir='ltr'>potestate</span> <span class='ocrx_word' id='word_1_111' title='bbox 433 2300 634 2370; x_wconf 86' lang='lat' dir='ltr'>vaticinandi</span> <span class='ocrx_word' id='word_1_112' title='bbox 656 2299 814 2380; x_wconf 87' lang='lat' dir='ltr'>naturali,</span> <span class='ocrx_word' id='word_1_113' title='bbox 838 2321 881 2368; x_wconf 90' lang='lat' dir='ltr'>an</span> <span class='ocrx_word' id='word_1_114' title='bbox 900 2299 954 2368; x_wconf 86' lang='lat' dir='ltr'>illa</span> <span class='ocrx_word' id='word_1_115' title='bbox 969 2299 1007 2369; x_wconf 86' lang='lat' dir='ltr'>stt</span> <span class='ocrx_word' id='word_1_116' title='bbox 1029 2305 1064 2369; x_wconf 92' lang='lat' dir='ltr'>in</span> <span class='ocrx_word' id='word_1_117' title='bbox 1078 2303 1235 2370; x_wconf 87' lang='lat' dir='ltr'>homine:</span> <span class='ocrx_word' id='word_1_118' title='bbox 1272 2301 1313 2372; x_wconf 82' lang='lat' dir='ltr'>de</span> 
     </span>
     <span class='ocr_line' id='line_1_19' title="bbox 193 2391 1457 2498; baseline -0.003 -22"><span class='ocrx_word' id='word_1_119' title='bbox 193 2399 407 2498; x_wconf 82' lang='lat' dir='ltr'>dispositione</span> <span class='ocrx_word' id='word_1_120' title='bbox 426 2400 568 2472; x_wconf 88' lang='lat' dir='ltr'>naturali</span> <span class='ocrx_word' id='word_1_121' title='bbox 586 2400 626 2469; x_wconf 90' lang='lat' dir='ltr'>ad</span> <span class='ocrx_word' id='word_1_122' title='bbox 649 2402 856 2496; x_wconf 82' lang='lat' dir='ltr'>prophetiam</span> <span class='ocrx_word' id='word_1_123' title='bbox 869 2426 876 2468; x_wconf 94' lang='lat'><strong>:</strong></span> <span class='ocrx_word' id='word_1_124' title='bbox 890 2421 892 2426; x_wconf 83' lang='lat'>·</span> <span class='ocrx_word' id='word_1_125' title='bbox 904 2400 945 2470; x_wconf 90' lang='lat' dir='ltr'>de</span> <span class='ocrx_word' id='word_1_126' title='bbox 966 2425 1040 2470; x_wconf 89' lang='lat' dir='ltr'>vera</span> <span class='ocrx_word' id='word_1_127' title='bbox 1055 2400 1095 2469; x_wconf 93' lang='lat' dir='ltr'>ad</span> <span class='ocrx_word' id='word_1_128' title='bbox 1108 2391 1315 2496; x_wconf 84' lang='lat' dir='ltr'>prophetiam</span> <span class='ocrx_word' id='word_1_129' title='bbox 1450 2486 1457 2494; x_wconf 87' lang='lat'>.</span> 
     </span>
     <span class='ocr_line' id='line_1_20' title="bbox 198 2491 1316 2602; baseline 0 -30"><span class='ocrx_word' id='word_1_130' title='bbox 198 2491 633 2602; x_wconf 71' lang='lat' dir='ltr'>preparationezagitatione</span> <span class='ocrx_word' id='word_1_131' title='bbox 640 2501 680 2570; x_wconf 94' lang='lat' dir='ltr'>ad</span> <span class='ocrx_word' id='word_1_132' title='bbox 691 2500 955 2595; x_wconf 88' lang='lat' dir='ltr'>prophetandum</span> <span class='ocrx_word' id='word_1_133' title='bbox 970 2527 980 2568; x_wconf 80' lang='lat' dir='ltr'>a</span> <span class='ocrx_word' id='word_1_134' title='bbox 995 2500 1217 2596; x_wconf 81' lang='lat' dir='ltr'>patefactione</span> <span class='ocrx_word' id='word_1_135' title='bbox 1231 2499 1316 2572; x_wconf 89' lang='lat' dir='ltr'>diui-</span> 
     </span>
     <span class='ocr_line' id='line_1_21' title="bbox 200 2598 1316 2698; baseline -0.004 -24"><span class='ocrx_word' id='word_1_136' title='bbox 200 2629 254 2674; x_wconf 77' lang='lat' dir='ltr'>nae</span> <span class='ocrx_word' id='word_1_137' title='bbox 272 2603 518 2698; x_wconf 85' lang='lat' dir='ltr'>voluntatisper</span> <span class='ocrx_word' id='word_1_138' title='bbox 531 2601 689 2697; x_wconf 83' lang='lat' dir='ltr'>symbola,</span> <span class='ocrx_word' id='word_1_139' title='bbox 702 2601 917 2696; x_wconf 89' lang='lat' dir='ltr'>descriptione</span> <span class='ocrx_word' id='word_1_140' title='bbox 931 2605 1190 2697; x_wconf 83' lang='lat' dir='ltr'>prophetiarum,</span> <span class='ocrx_word' id='word_1_141' title='bbox 1209 2598 1316 2685; x_wconf 88' lang='lat' dir='ltr'>Mose,</span> 
     </span>
     <span class='ocr_line' id='line_1_22' title="bbox 206 2703 1347 2798; baseline -0.002 -24"><span class='ocrx_word' id='word_1_142' title='bbox 206 2723 345 2774; x_wconf 86' lang='lat' dir='ltr'>auctore</span> <span class='ocrx_word' id='word_1_143' title='bbox 358 2703 576 2798; x_wconf 83' lang='lat' dir='ltr'>pentateuchi,</span> <span class='ocrx_word' id='word_1_144' title='bbox 597 2707 686 2772; x_wconf 79' lang='lat' dir='ltr'>notis</span> <span class='ocrx_word' id='word_1_145' title='bbox 705 2727 787 2778; x_wconf 86' lang='lat' dir='ltr'>verae</span> <span class='ocrx_word' id='word_1_146' title='bbox 812 2703 991 2798; x_wconf 79' lang='lat' dir='ltr'>prophetia</span> <span class='ocrx_word' id='word_1_147' title='bbox 1015 2727 1047 2774; x_wconf 88' lang='lat' dir='ltr'>et</span> <span class='ocrx_word' id='word_1_148' title='bbox 1062 2708 1129 2774; x_wconf 89' lang='lat' dir='ltr'>veri</span> <span class='ocrx_word' id='word_1_149' title='bbox 1149 2703 1316 2798; x_wconf 83' lang='lat' dir='ltr'>prophetae</span> <span class='ocrx_word' id='word_1_150' title='bbox 1345 2781 1347 2788; x_wconf 51' lang='grc'>,</span> 
     </span>
     <span class='ocr_line' id='line_1_23' title="bbox 210 2801 1319 2900; baseline -0.002 -26"><span class='ocrx_word' id='word_1_151' title='bbox 210 2803 352 2889; x_wconf 84' lang='lat' dir='ltr'>tradidit,</span> <span class='ocrx_word' id='word_1_152' title='bbox 360 2801 523 2900; x_wconf 87' lang='lat' dir='ltr'>speciatim</span> <span class='ocrx_word' id='word_1_153' title='bbox 542 2803 764 2898; x_wconf 83' lang='lat' dir='ltr'>deprophetis·</span> <span class='ocrx_word' id='word_1_154' title='bbox 779 2823 855 2877; x_wconf 86' lang='lat' dir='ltr'>ante</span> <span class='ocrx_word' id='word_1_155' title='bbox 872 2804 1021 2898; x_wconf 87' lang='lat' dir='ltr'>legemin</span> <span class='ocrx_word' id='word_1_156' title='bbox 1041 2803 1175 2884; x_wconf 83' lang='lat' dir='ltr'>deserto,</span> <span class='ocrx_word' id='word_1_157' title='bbox 1194 2809 1229 2872; x_wconf 90' lang='lat' dir='ltr'>in</span> <span class='ocrx_word' id='word_1_158' title='bbox 1251 2808 1319 2872; x_wconf 87' lang='lat' dir='ltr'>Ca·</span> 
     </span>
     <span class='ocr_line' id='line_1_24' title="bbox 193 2901 1367 3000; baseline 0.001 -27"><span class='ocrx_word' id='word_1_159' title='bbox 193 2927 309 2986; x_wconf 68' lang='lat' dir='ltr'>maara,</span> <span class='ocrx_word' id='word_1_160' title='bbox 327 2907 362 2972; x_wconf 92' lang='lat' dir='ltr'>in</span> <span class='ocrx_word' id='word_1_161' title='bbox 384 2907 573 2999; x_wconf 85' lang='lat' dir='ltr'>captiuitate</span> <span class='ocrx_word' id='word_1_162' title='bbox 598 2901 809 2995; x_wconf 87' lang='lat' dir='ltr'>babylonica,</span> <span class='ocrx_word' id='word_1_163' title='bbox 824 2904 897 2999; x_wconf 87' lang='lat' dir='ltr'>post</span> <span class='ocrx_word' id='word_1_164' title='bbox 914 2904 1319 3000; x_wconf 81' lang='lat' dir='ltr'>captiuitatembabyloni-</span> <span class='ocrx_word' id='word_1_165' title='bbox 1363 2941 1367 2948; x_wconf 74' lang='lat'><em>=</em></span> 
     </span>
     <span class='ocr_line' id='line_1_25' title="bbox 207 3001 1318 3098; baseline -0.003 -24"><span class='ocrx_word' id='word_1_166' title='bbox 207 3029 281 3074; x_wconf 87' lang='lat' dir='ltr'>cam</span> <span class='ocrx_word' id='word_1_167' title='bbox 294 3001 422 3082; x_wconf 86' lang='lat' dir='ltr'>disserit,</span> <span class='ocrx_word' id='word_1_168' title='bbox 433 3008 479 3074; x_wconf 91' lang='lat' dir='ltr'>ita</span> <span class='ocrx_word' id='word_1_169' title='bbox 489 3025 524 3073; x_wconf 92' lang='lat' dir='ltr'>vt</span> <span class='ocrx_word' id='word_1_170' title='bbox 537 3009 604 3072; x_wconf 91' lang='lat' dir='ltr'>vim</span> <span class='ocrx_word' id='word_1_171' title='bbox 623 3009 746 3098; x_wconf 85' lang='lat' dir='ltr'>ingenii</span> <span class='ocrx_word' id='word_1_172' title='bbox 759 3004 804 3073; x_wconf 88' lang='lat' dir='ltr'>sui</span> <span class='ocrx_word' id='word_1_173' title='bbox 824 3029 862 3076; x_wconf 85' lang='lat' dir='ltr'>ac</span> <span class='ocrx_word' id='word_1_174' title='bbox 878 3005 1073 3098; x_wconf 80' lang='lat' dir='ltr'>singularem</span> <span class='ocrx_word' id='word_1_175' title='bbox 1086 3005 1318 3086; x_wconf 85' lang='lat' dir='ltr'>eruditionem,</span> 
     </span>
     <span class='ocr_line' id='line_1_26' title="bbox 209 3101 1321 3202; baseline -0.001 -29"><span class='ocrx_word' id='word_1_176' title='bbox 209 3106 494 3202; x_wconf 80' lang='lat' dir='ltr'>quemadmodum</span> <span class='ocrx_word' id='word_1_177' title='bbox 512 3109 548 3174; x_wconf 92' lang='lat' dir='ltr'>in</span> <span class='ocrx_word' id='word_1_178' title='bbox 556 3105 625 3178; x_wconf 83' lang='lat' dir='ltr'>aliis</span> <span class='ocrx_word' id='word_1_179' title='bbox 638 3104 760 3202; x_wconf 82' lang='lat' dir='ltr'>scriptis</span> <span class='ocrx_word' id='word_1_180' title='bbox 775 3103 866 3188; x_wconf 90' lang='lat' dir='ltr'>fecit,</span> <span class='ocrx_word' id='word_1_181' title='bbox 884 3104 1062 3176; x_wconf 90' lang='lat' dir='ltr'>luculenter</span> <span class='ocrx_word' id='word_1_182' title='bbox 1072 3105 1220 3175; x_wconf 87' lang='lat' dir='ltr'>ostendat</span> <span class='ocrx_word' id='word_1_183' title='bbox 1238 3131 1246 3172; x_wconf 92' lang='lat'><strong>:</strong></span> <span class='ocrx_word' id='word_1_184' title='bbox 1267 3103 1288 3146; x_wconf 80' lang='lat'><strong>*</strong></span> <span class='ocrx_word' id='word_1_185' title='bbox 1299 3101 1321 3146; x_wconf 80' lang='lat'><strong>*</strong></span> 
     </span>
     <span class='ocr_line' id='line_1_27' title="bbox 286 3199 1322 3302; baseline 0 -28"><span class='ocrx_word' id='word_1_186' title='bbox 286 3229 583 3280; x_wconf 76' lang='lat' dir='ltr'>uorrrureovs</span> <span class='ocrx_word' id='word_1_187' title='bbox 646 3230 942 3288; x_wconf 75' lang='lat' dir='ltr'>uorraauuvs,</span> <span class='ocrx_word' id='word_1_188' title='bbox 981 3213 1037 3302; x_wconf 92' lang='lat' dir='ltr'>qui</span> <span class='ocrx_word' id='word_1_189' title='bbox 1069 3206 1191 3276; x_wconf 88' lang='lat' dir='ltr'>edidit:</span> <span class='ocrx_word' id='word_1_190' title='bbox 1230 3199 1322 3274; x_wconf 80' lang='lat' dir='ltr'>hlhli·</span> 
     </span>
     <span class='ocr_line' id='line_1_28' title="bbox 209 3304 1323 3406; baseline 0.001 -30"><span class='ocrx_word' id='word_1_191' title='bbox 209 3305 295 3402; x_wconf 75' lang='lat' dir='ltr'>[chen</span> <span class='ocrx_word' id='word_1_192' title='bbox 326 3305 501 3403; x_wconf 69' lang='lat' dir='ltr'>geschichte</span> <span class='ocrx_word' id='word_1_193' title='bbox 524 3349 536 3361; x_wconf 94' lang='lat'>-</span> <span class='ocrx_word' id='word_1_194' title='bbox 563 3307 708 3376; x_wconf 82' lang='lat' dir='ltr'>caleuder</span> <span class='ocrx_word' id='word_1_195' title='bbox 752 3306 813 3375; x_wconf 86' lang='lat' dir='ltr'>der</span> <span class='ocrx_word' id='word_1_196' title='bbox 856 3304 989 3405; x_wconf 75' lang='lat' dir='ltr'>heiligen</span> <span class='ocrx_word' id='word_1_197' title='bbox 1027 3307 1217 3406; x_wconf 80' lang='lat' dir='ltr'>propheten,</span> <span class='ocrx_word' id='word_1_198' title='bbox 1261 3329 1323 3377; x_wconf 81' lang='lat' dir='ltr'>uon</span> 
     </span>
     <span class='ocr_line' id='line_1_29' title="bbox 214 3403 1324 3504; baseline -0.001 -22"><span class='ocrx_word' id='word_1_199' title='bbox 214 3403 294 3504; x_wconf 79' lang='lat' dir='ltr'>Mofi·</span> <span class='ocrx_word' id='word_1_200' title='bbox 321 3407 370 3478; x_wconf 78' lang='lat' dir='ltr'>ht&#39;s</span> <span class='ocrx_word' id='word_1_201' title='bbox 388 3408 451 3498; x_wconf 72' lang='lat' dir='ltr'>aas</span> <span class='ocrx_word' id='word_1_202' title='bbox 462 3412 606 3478; x_wconf 81' lang='lat' dir='ltr'>loannem</span> <span class='ocrx_word' id='word_1_203' title='bbox 628 3408 689 3477; x_wconf 78' lang='lat' dir='ltr'>den</span> <span class='ocrx_word' id='word_1_204' title='bbox 709 3409 847 3502; x_wconf 75' lang='lat' dir='ltr'>thuffer,</span> <span class='ocrx_word' id='word_1_205' title='bbox 884 3413 1005 3482; x_wconf 86' lang='lat' dir='ltr'>Brcmae</span> <span class='ocrx_word' id='word_1_206' title='bbox 1026 3424 1261 3482; x_wconf 67' lang='lat' dir='ltr'>mcxcix.</span> <span class='ocrx_word' id='word_1_207' title='bbox 1288 3418 1324 3491; x_wconf 83' lang='lat'>8.</span> 
     </span>
     <span class='ocr_line' id='line_1_30' title="bbox 149 3506 1348 3593; baseline -0.002 -14"><span class='ocrx_word' id='word_1_208' title='bbox 149 3525 153 3552; x_wconf 72' lang='lat'>⁸</span> <span class='ocrx_word' id='word_1_209' title='bbox 267 3533 512 3580; x_wconf 75' lang='lat' dir='ltr'>uairrrrsnrt</span> <span class='ocrx_word' id='word_1_210' title='bbox 542 3533 846 3593; x_wconf 75' lang='lat' dir='ltr'>rtoerttertrvs,</span> <span class='ocrx_word' id='word_1_211' title='bbox 869 3514 960 3578; x_wconf 78' lang='lat' dir='ltr'>cuius</span> <span class='ocrx_word' id='word_1_212' title='bbox 978 3506 1348 3580; x_wconf 67' lang='lat' dir='ltr'>exstatzhrtuitintee&#39;</span> 
     </span>
     <span class='ocr_line' id='line_1_31' title="bbox 218 3609 1328 3708; baseline -0.005 -24"><span class='ocrx_word' id='word_1_213' title='bbox 218 3609 320 3684; x_wconf 79' lang='lat' dir='ltr'>electio</span> <span class='ocrx_word' id='word_1_214' title='bbox 340 3611 386 3680; x_wconf 83' lang='lat' dir='ltr'>ed</span> <span class='ocrx_word' id='word_1_215' title='bbox 400 3611 570 3707; x_wconf 73' lang='lat' dir='ltr'>prophetas</span> <span class='ocrx_word' id='word_1_216' title='bbox 581 3636 595 3692; x_wconf 89' lang='lat'>,·</span> <span class='ocrx_word' id='word_1_217' title='bbox 624 3612 703 3681; x_wconf 83' lang='lat' dir='ltr'>oder</span> <span class='ocrx_word' id='word_1_218' title='bbox 723 3615 839 3682; x_wconf 82' lang='lat' dir='ltr'>lurtze</span> <span class='ocrx_word' id='word_1_219' title='bbox 858 3612 1028 3705; x_wconf 65' lang='lat' dir='ltr'>einlaeitureg</span> <span class='ocrx_word' id='word_1_220' title='bbox 1052 3635 1095 3680; x_wconf 84' lang='lat' dir='ltr'>zu</span> <span class='ocrx_word' id='word_1_221' title='bbox 1120 3610 1182 3679; x_wconf 78' lang='lat' dir='ltr'>dm</span> <span class='ocrx_word' id='word_1_222' title='bbox 1197 3611 1328 3708; x_wconf 80' lang='lat' dir='ltr'>prophe·</span> 
     </span>
     <span class='ocr_line' id='line_1_32' title="bbox 149 3711 1329 3812; baseline -0.003 -30"><span class='ocrx_word' id='word_1_223' title='bbox 149 3757 153 3810; x_wconf 62' lang='lat'><strong>3</strong></span> <span class='ocrx_word' id='word_1_224' title='bbox 219 3731 284 3798; x_wconf 81' lang='lat' dir='ltr'>terr,</span> <span class='ocrx_word' id='word_1_225' title='bbox 300 3719 463 3780; x_wconf 73' lang='lat' dir='ltr'>utrinam</span> <span class='ocrx_word' id='word_1_226' title='bbox 476 3719 624 3808; x_wconf 83' lang='lat' dir='ltr'>gezeiget</span> <span class='ocrx_word' id='word_1_227' title='bbox 637 3711 741 3799; x_wconf 66' lang='lat' dir='ltr'>laires,</span> <span class='ocrx_word' id='word_1_228' title='bbox 760 3737 802 3780; x_wconf 83' lang='lat' dir='ltr'>zu</span> <span class='ocrx_word' id='word_1_229' title='bbox 815 3712 1187 3805; x_wconf 72' lang='lat' dir='ltr'>welcherzeitieglieher</span> <span class='ocrx_word' id='word_1_230' title='bbox 1195 3711 1329 3812; x_wconf 72' lang='lat' dir='ltr'>prophet</span> 
     </span>
     <span class='ocr_line' id='line_1_33' title="bbox 149 3809 1331 3910; baseline -0.001 -28"><span class='ocrx_word' id='word_1_231' title='bbox 149 3813 152 3818; x_wconf 80' lang='grc'><strong>’</strong></span> <span class='ocrx_word' id='word_1_232' title='bbox 219 3809 354 3908; x_wconf 81' lang='lat' dir='ltr'>gelebet,</span> <span class='ocrx_word' id='word_1_233' title='bbox 379 3824 446 3880; x_wconf 82' lang='lat' dir='ltr'>toas</span> <span class='ocrx_word' id='word_1_234' title='bbox 476 3813 628 3882; x_wconf 78' lang='lat' dir='ltr'>dazumel</span> <span class='ocrx_word' id='word_1_235' title='bbox 655 3837 714 3883; x_wconf 83' lang='lat' dir='ltr'>vor</span> <span class='ocrx_word' id='word_1_236' title='bbox 744 3821 796 3884; x_wconf 87' lang='lat' dir='ltr'>ein</span> <span class='ocrx_word' id='word_1_237' title='bbox 828 3812 960 3903; x_wconf 66' lang='lat' dir='ltr'>eathland</span> <span class='ocrx_word' id='word_1_238' title='bbox 995 3823 1041 3884; x_wconf 83' lang='lat' dir='ltr'>ian</span> <span class='ocrx_word' id='word_1_239' title='bbox 1065 3812 1156 3884; x_wconf 81' lang='lat' dir='ltr'>lande</span> <span class='ocrx_word' id='word_1_240' title='bbox 1178 3819 1331 3910; x_wconf 81' lang='lat' dir='ltr'>geweJen,</span> 
     </span>
     <span class='ocr_line' id='line_1_34' title="bbox 149 3831 1276 3994; baseline -0.002 -10"><span class='ocrx_word' id='word_1_241' title='bbox 149 3831 157 3992; x_wconf 87' lang='lat' dir='ltr'>l</span> <span class='ocrx_word' id='word_1_242' title='bbox 222 3914 485 3986; x_wconf 83' lang='lat' dir='ltr'>Halaerroccvr.</span> <span class='ocrx_word' id='word_1_243' title='bbox 510 3924 545 3994; x_wconf 79' lang='lat'>8.</span> <span class='ocrx_word' id='word_1_244' title='bbox 1274 3985 1276 3990; x_wconf 76' lang='grc'>,</span> 
     </span>
     <span class='ocr_line' id='line_1_35' title="bbox 295 4010 1335 4116; baseline -0.004 -33"><span class='ocrx_word' id='word_1_245' title='bbox 295 4037 427 4084; x_wconf 78' lang='lat' dir='ltr'>navio</span> <span class='ocrx_word' id='word_1_246' title='bbox 464 4029 626 4082; x_wconf 70' lang='lat' dir='ltr'>itureae</span> <span class='ocrx_word' id='word_1_247' title='bbox 662 4011 786 4106; x_wconf 71' lang='lat' dir='ltr'>historie</span> <span class='ocrx_word' id='word_1_248' title='bbox 808 4010 901 4082; x_wconf 78' lang='lat' dir='ltr'>derce</span> <span class='ocrx_word' id='word_1_249' title='bbox 920 4014 1097 4116; x_wconf 75' lang='lat' dir='ltr'>propheten,</span> <span class='ocrx_word' id='word_1_250' title='bbox 1118 4040 1187 4111; x_wconf 80' lang='lat' dir='ltr'>que</span> <span class='ocrx_word' id='word_1_251' title='bbox 1205 4037 1243 4083; x_wconf 84' lang='lat' dir='ltr'>cx</span> <span class='ocrx_word' id='word_1_252' title='bbox 1266 4011 1335 4080; x_wconf 90' lang='lat' dir='ltr'>bel-</span> 
     </span>
     <span class='ocr_line' id='line_1_36' title="bbox 223 4114 1333 4213; baseline -0.004 -29"><span class='ocrx_word' id='word_1_253' title='bbox 223 4120 288 4210; x_wconf 84' lang='lat' dir='ltr'>gica</span> <span class='ocrx_word' id='word_1_254' title='bbox 322 4115 437 4210; x_wconf 88' lang='lat' dir='ltr'>lingua</span> <span class='ocrx_word' id='word_1_255' title='bbox 465 4118 501 4183; x_wconf 89' lang='lat' dir='ltr'>in</span> <span class='ocrx_word' id='word_1_256' title='bbox 529 4119 752 4208; x_wconf 84' lang='lat' dir='ltr'>germanicam</span> <span class='ocrx_word' id='word_1_257' title='bbox 782 4117 962 4201; x_wconf 84' lang='lat' dir='ltr'>conuersa,</span> <span class='ocrx_word' id='word_1_258' title='bbox 993 4122 1168 4213; x_wconf 85' lang='lat' dir='ltr'>interprete</span> <span class='ocrx_word' id='word_1_259' title='bbox 1197 4114 1333 4184; x_wconf 83' lang='lat' dir='ltr'>Grroldo</span> 
     </span>
     <span class='ocr_line' id='line_1_37' title="bbox 224 4213 1336 4314; baseline -0.007 -25"><span class='ocrx_word' id='word_1_260' title='bbox 224 4219 402 4314; x_wconf 52' lang='lat' dir='ltr'>septagie,</span> <span class='ocrx_word' id='word_1_261' title='bbox 428 4216 536 4286; x_wconf 91' lang='lat' dir='ltr'>lucem</span> <span class='ocrx_word' id='word_1_262' title='bbox 564 4216 662 4298; x_wconf 87' lang='lat' dir='ltr'>vidit,</span> <span class='ocrx_word' id='word_1_263' title='bbox 689 4221 799 4284; x_wconf 81' lang='lat' dir='ltr'>Bernae</span> <span class='ocrx_word' id='word_1_264' title='bbox 828 4237 994 4294; x_wconf 79' lang='lat' dir='ltr'><strong>MDCCIX.</strong></span> <span class='ocrx_word' id='word_1_265' title='bbox 1021 4242 1058 4310; x_wconf 91' lang='lat'>4.</span> <span class='ocrx_word' id='word_1_266' title='bbox 1113 4217 1251 4286; x_wconf 84' lang='lat' dir='ltr'>Constat</span> <span class='ocrx_word' id='word_1_267' title='bbox 1279 4213 1336 4282; x_wconf 87' lang='lat' dir='ltr'>illa</span> 
     </span>
    </p>
   </div>
   <div class='ocr_carea' id='block_1_4' title="bbox 212 4317 1344 4839">
    <p class='ocr_par' dir='ltr' id='par_1_8' title="bbox 805 4317 1344 4409">
     <span class='ocr_line' id='line_1_38' title="bbox 805 4317 1344 4409; baseline -0.007 -22"><span class='ocrx_word' id='word_1_268' title='bbox 805 4317 838 4387; x_wconf 75' lang='grc' dir='ltr'>Ἒ</span> <span class='ocrx_word' id='word_1_269' title='bbox 870 4343 885 4404; x_wconf 89' lang='grc' dir='ltr'><strong>ς</strong></span> <span class='ocrx_word' id='word_1_270' title='bbox 1262 4338 1344 4409; x_wconf 85' lang='lat' dir='ltr'>qua-</span> 
     </span>
    </p>

    <p class='ocr_par' dir='ltr' id='par_1_9' title="bbox 216 4498 1336 4585">
     <span class='ocr_line' id='line_1_39' title="bbox 216 4498 1336 4585; baseline -0.009 -17"><span class='ocrx_word' id='word_1_271' title='bbox 216 4505 351 4568; x_wconf 73' lang='lat' dir='ltr'>²&#39;confer</span> <span class='ocrx_word' id='word_1_272' title='bbox 381 4525 557 4568; x_wconf 80' lang='lat' dir='ltr'>ornorsrr</span> <span class='ocrx_word' id='word_1_273' title='bbox 579 4507 780 4569; x_wconf 80' lang='lat' dir='ltr'>adnotationes</span> <span class='ocrx_word' id='word_1_274' title='bbox 798 4507 828 4566; x_wconf 86' lang='lat' dir='ltr'>irr</span> <span class='ocrx_word' id='word_1_275' title='bbox 845 4506 906 4565; x_wconf 86' lang='lat' dir='ltr'>loca</span> <span class='ocrx_word' id='word_1_276' title='bbox 927 4506 1060 4585; x_wconf 79' lang='lat' dir='ltr'>quadarn</span> <span class='ocrx_word' id='word_1_277' title='bbox 1087 4503 1227 4584; x_wconf 71' lang='lat' dir='ltr'>scripture</span> <span class='ocrx_word' id='word_1_278' title='bbox 1247 4498 1336 4570; x_wconf 73' lang='lat' dir='ltr'>suern,</span> 
     </span>
    </p>

    <p class='ocr_par' dir='ltr' id='par_1_10' title="bbox 212 4579 1341 4839">
     <span class='ocr_line' id='line_1_40' title="bbox 242 4579 1341 4672; baseline -0.008 -22"><span class='ocrx_word' id='word_1_279' title='bbox 242 4611 306 4670; x_wconf 76' lang='lat' dir='ltr'>que</span> <span class='ocrx_word' id='word_1_280' title='bbox 324 4589 473 4651; x_wconf 89' lang='lat' dir='ltr'>hisloriam</span> <span class='ocrx_word' id='word_1_281' title='bbox 502 4592 729 4672; x_wconf 80' lang='lat' dir='ltr'>patriarcharum</span> <span class='ocrx_word' id='word_1_282' title='bbox 753 4587 960 4662; x_wconf 76' lang='lat' dir='ltr'>illustrant,in</span> <span class='ocrx_word' id='word_1_283' title='bbox 993 4589 1134 4650; x_wconf 73' lang='lat' dir='ltr'>miscellan.</span> <span class='ocrx_word' id='word_1_284' title='bbox 1155 4579 1341 4666; x_wconf 72' lang='lat' dir='ltr'>dreishurgenfi</span> 
     </span>
     <span class='ocr_line' id='line_1_41' title="bbox 241 4673 1203 4754; baseline -0.001 -22"><span class='ocrx_word' id='word_1_285' title='bbox 241 4693 308 4736; x_wconf 83' lang='lat' dir='ltr'>tom.</span> <span class='ocrx_word' id='word_1_286' title='bbox 324 4678 352 4733; x_wconf 82' lang='lat' dir='ltr'>i.</span> <span class='ocrx_word' id='word_1_287' title='bbox 371 4675 490 4748; x_wconf 60' lang='lat' dir='ltr'>refertus,</span> <span class='ocrx_word' id='word_1_288' title='bbox 512 4697 540 4746; x_wconf 81' lang='lat'>⁴·</span> <span class='ocrx_word' id='word_1_289' title='bbox 568 4697 595 4752; x_wconf 83' lang='lat' dir='ltr'>p.</span> <span class='ocrx_word' id='word_1_290' title='bbox 617 4679 685 4746; x_wconf 81' lang='lat'>641.</span> <span class='ocrx_word' id='word_1_291' title='bbox 707 4693 813 4736; x_wconf 77' lang='lat' dir='ltr'>etium,</span> <span class='ocrx_word' id='word_1_292' title='bbox 839 4693 877 4732; x_wconf 88' lang='lat' dir='ltr'>rr.</span> <span class='ocrx_word' id='word_1_293' title='bbox 895 4673 1016 4750; x_wconf 78' lang='lat' dir='ltr'>suscites</span> <span class='ocrx_word' id='word_1_294' title='bbox 1046 4693 1056 4732; x_wconf 89' lang='grc' dir='ltr'>ι</span> <span class='ocrx_word' id='word_1_295' title='bbox 1084 4693 1112 4754; x_wconf 88' lang='lat' dir='ltr'>p.</span> <span class='ocrx_word' id='word_1_296' title='bbox 1139 4687 1203 4743; x_wconf 79' lang='lat'>¹³7·</span> 
     </span>
     <span class='ocr_line' id='line_1_42' title="bbox 212 4755 1227 4839; baseline -0.007 -18"><span class='ocrx_word' id='word_1_297' title='bbox 212 4755 246 4796; x_wconf 78' lang='lat'>⁴*</span> <span class='ocrx_word' id='word_1_298' title='bbox 268 4757 346 4820; x_wconf 85' lang='lat' dir='ltr'>liber</span> <span class='ocrx_word' id='word_1_299' title='bbox 362 4756 412 4819; x_wconf 91' lang='lat' dir='ltr'>hie</span> <span class='ocrx_word' id='word_1_300' title='bbox 431 4758 520 4822; x_wconf 89' lang='lat' dir='ltr'>estin</span> <span class='ocrx_word' id='word_1_301' title='bbox 541 4757 670 4821; x_wconf 79' lang='lat' dir='ltr'>eiusdem</span> <span class='ocrx_word' id='word_1_302' title='bbox 695 4755 879 4839; x_wconf 69' lang='lat' dir='ltr'>mfiellatteor.</span> <span class='ocrx_word' id='word_1_303' title='bbox 890 4757 999 4836; x_wconf 81' lang='lat' dir='ltr'>fitetur.</span> <span class='ocrx_word' id='word_1_304' title='bbox 1014 4773 1087 4818; x_wconf 85' lang='lat' dir='ltr'>tom.</span> <span class='ocrx_word' id='word_1_305' title='bbox 1115 4773 1138 4815; x_wconf 91' lang='lat' dir='ltr'>r.</span> <span class='ocrx_word' id='word_1_306' title='bbox 1157 4773 1186 4834; x_wconf 88' lang='lat' dir='ltr'>p.</span> <span class='ocrx_word' id='word_1_307' title='bbox 1200 4770 1227 4814; x_wconf 86' lang='grc'>1.</span> 
     </span>
    </p>
   </div>
   <div class='ocr_carea' id='block_1_5' title="bbox 0 0 1685 5509">
    <p class='ocr_par' dir='ltr' id='par_1_11' title="bbox 0 0 1685 5509">
     <span class='ocr_line' id='line_1_43' title="bbox 0 0 1685 5509; baseline 0 0"><span class='ocrx_word' id='word_1_308' title='bbox 0 0 1685 5509; x_wconf 95' lang='lat' dir='ltr'> </span> 
     </span>
    </p>
   </div>
  </div>
 </body>
</html>
