3225 5509
599 507 932 607 ecc'tettmtc.
964 627 967 640 Ι
1287 551 1355 632 157
1436 583 1438 590 .

229 663 369 682 μ
629 641 661 670 μ’
674 659 887 672 -οι-ω--ν-υ
909 659 917 668 ι

241 729 308 804 que
332 697 400 778 elle
419 698 586 786 cauffatu,
607 703 755 790 additur,
793 729 852 776 eur
866 702 1099 776 Cusaubonum
1118 710 1151 776 in
1183 709 1365 804 originibtr
1470 725 1472 732 '

242 807 367 903 ubique
391 803 598 900 perstringat.
665 783 728 874 pm
754 793 940 888 sententiis,
970 830 1050 901 quas
1071 806 1285 906 episcopalem
1298 811 1364 886 sue

247 907 466 989 hierarchici,
490 911 539 976 vti
564 927 750 989 vocantur,
776 911 811 976 in
831 905 950 999 Anglia
965 926 1094 989 tenent,
1113 914 1231 980 acriori
1254 912 1362 988 studio
1380 977 1383 988 ,

254 1027 451 1106 propugnat.
490 1010 635 1079 Horum
651 1005 798 1102 exempla
819 1005 941 1102 sequuti
963 1004 1036 1076 sunt
1055 1006 1108 1078 alii
1130 1030 1228 1106 etque
1248 1013 1362 1086 itidem

255 1107 401 1180 aduersus
419 1110 600 1176 Beronium
619 1105 828 1202 scripserunt:
868 1129 1039 1178 ruotees
1064 1112 1222 1200 nimiturn
1252 1137 1362 1187 cote·

256 1233 375 1282 mus
391 1206 493 1289 libro,
509 1211 600 1276 cuius
614 1205 779 1301 inscriptio
792 1207 854 1276 est:
872 1206 1013 1301 frendes
1028 1231 1173 1294 runenae,
1181 1219 1216 1282 ite
1224 1215 1363 1290 editione

250 1309 457 1382 conciliorum
465 1315 612 1405 priorum
629 1328 768 1407 quatuor
776 1305 954 1402 seculorum
970 1307 1145 1406 cotnmtffl,
1160 1337 1233 1384 erem
1246 1314 1363 1412 apen.

250 1411 316 1482 elice
322 1409 491 1506 fraudum
504 1426 536 1479 et
554 1433 715 1498 errorum,
730 1414 766 1476 in
776 1406 941 1478 annalibus
955 1409 1362 1513 Beroeiideprebeefform,
1424 1439 1426 1444 ·

251 1508 1108 1602 laudiniMDchxxlx.4.linguaanglicanazflo.
1131 1535 1360 1606 autenticus

255 1635 354 1682 ortt
365 1633 412 1678 vs
434 1613 471 1678 in
494 1615 638 1680 examine
653 1627 800 1709 perpetue
818 1609 1012 1703 hillerico-t
1120 1617 1168 1684 ire
1182 1619 1218 1684 e'n
1235 1620 1363 1690 annales

254 1709 526 1808 ceserieBateett'e‘,
536 1714 650 1804 Tiguri
660 1728 868 1785 MDcuxxvt.
880 1733 911 1800 4.
922 1709 1002 1781 Perd
1151 1714 1195 1785 ud
1205 1717 1248 1788 ell
1256 1719 1297 1788 ad
1305 1727 1364 1790 'tn-

258 1837 334 1884 uuna
349 1810 563 1881 christianum
583 1809 841 1880 trecentesimum
864 1831 961 1906 atque
986 1815 1021 1881 in
1039 1831 1101 1884 tres
1126 1823 1287 1888 centurias
1312 1820 1362 1894 di·

259 1912 384 1996 uisum,
423 1912 541 2007 quibus
567 1911 607 1980 de
638 1915 702 1980 vita
733 1931 765 1980 et
791 1913 958 2007 triumpho
988 1914 1113 1998 christi,
1146 1916 1186 1988 de
1206 1920 1360 2012 apostolis

260 2019 399 2112 vitisque
420 2011 624 2107 apostolicis,
654 2011 694 2081 de
719 2008 879 2104 euangelii
907 2010 1111 2104 plantatione
1135 2037 1168 2086 et
1197 2041 1361 2113 propaga·

263 2121 371 2198 tione,
396 2112 603 2184 ecclesiarum
619 2109 818 2182 fundatione
842 2132 875 2179 et
893 2108 1104 2194 successione,
1140 2116 1376 2211 persequutio·-

265 2215 375 2299 nibus,
401 2213 587 2294 harefibus,
613 2212 782 2294 conciliis,
822 2209 999 2279 doclotum
1023 2216 1235 2284 monimentis
1261 2241 1363 2314 expo.

267 2322 358 2390 nitur.
437 2319 566 2384 Auctor
596 2313 730 2406 quidem
760 2313 794 2380 in
821 2334 921 2404 opere
956 2311 1021 2380 hoc
1055 2311 1263 2384 conficiendo
1287 2338 1364 2390 ante

269 2417 388 2488 obitum
409 2415 450 2485 ad
471 2437 595 2483 annum
618 2430 805 2486 Mcxcvln.
824 2405 1009 2506 ptogrelsus
1024 2408 1149 2490 fuerata
1181 2414 1361 2513 bibliopola

272 2539 394 2600 meent,
435 2540 539 2612 quum
561 2537 631 2584 non
653 2533 794 2582 emtores
814 2510 966 2595 haberet,
996 2533 1081 2608 quot
1103 2534 1141 2584 vt
1162 2511 1278 2601 elsent‚
1304 2542 1362 2588 cu-

274 2615 388 2713 piebat,
405 2613 530 2688 sumtus
547 2614 588 2683 ad
603 2612 766 2684 edendum
789 2610 869 2681 illud
893 2610 1031 2709 amplius
1048 2610 1253 2714 suppeditare
1269 2641 1362 2690 recu·

276 2715 354 2788 seuit.
370 2715 409 2764 *⁴
430 2737 684 2786 nvcvsttuvs
716 2728 959 2783 neniuotvs
974 2711 1095 2784 librum
1111 2715 1265 2791 inlucem
1282 2725 1363 2791 emi·

275 2815 319 2902 st,
329 2819 392 2888 lroc
410 2816 507 2888 titulo
515 2813 723 2909 inscriptum:
749 2812 870 2884 vindex
887 2819 1008 2888 ueritas
1022 2816 1183 2888 enneliem
1195 2819 1362 2914 eeclefiesli·

274 2941 365 2991 term
383 2916 514 3014 Ceserie
533 2920 663 2986 Berenit'
681 2912 831 3008 aduersus
849 2935 1034 3008 arrogetum
1058 2919 1101 2990 lo.
1126 2919 1264 2989 Henrlee'
1279 2921 1365 2993 Ottit'

273 3043 389 3092 men
406 3037 610 3120 perpetuum,
637 3024 780 3087 centuria
798 3022 922 3111 prima,
951 3021 1035 3111 typis
1058 3017 1243 3089 monasterii
1272 3023 1364 3092 einsi-

273 3119 412 3204 delenfis,
437 3135 638 3194 Mocuxxx.
660 3115 721 3186 sol.
796 3121 891 3186 Num
914 3136 946 3185 et
972 3116 1146 3190 secundam
1179 3139 1211 3192 et
1236 3123 1364 3192 tertiam

274 3227 443 3294 centuriam
469 3223 553 3288 Ottii
579 3216 822 3293 consutauerit3
854 3241 916 3286 nec
937 3241 1001 3299 ne,
1027 3242 1080 3288 tne
1101 3223 1281 3311 ignorare,
1312 3220 1363 3291 fa·

253 3341 343 3396 .teor.
391 3327 424 3392 A
445 3317 653 3414 scriptoribus
674 3317 803 3401 saltem,
823 3342 907 3414 quos
925 3318 1006 3411 legi,
1035 3318 1199 3417 nonalia,
1219 3318 1278 3388 nist
1298 3326 1363 3416 pri·
1404 3403 1406 3410 Ι

274 3445 317 3494 ma
336 3426 484 3494 centuria
504 3440 793 3488 commemoratur.
841 3418 894 3487 Ab
919 3417 1102 3488 aduersario
1127 3418 1192 3487 hoc
1218 3418 1365 3493 defendit

273 3519 460 3595 leotrtvu
493 3526 528 3589 in
553 3519 705 3590 uindiciis
729 3525 907 3601 examinis,
942 3543 1012 3611 quae
1033 3518 1225 3613 prodierunt
1251 3525 1366 3616 Tiguri

273 3639 475 3700 unctxxxt.
494 3647 529 3710 4.
556 3642 781 3689 ANTONIVS
808 3642 905 3690 enei
934 3616 997 3661 *¹⁵*
1027 3619 1142 3689 obiicit
1162 3625 1279 3705 Ottio,
1307 3645 1366 3693 ne.

273 3724 402 3820 glectam
414 3723 457 3793 ab
479 3746 520 3791 eo
536 3714 628 3792 fuisse
645 3720 920 3815 chronologiam,
935 3718 1063 3815 aliaque
1080 3722 1114 3789 in
1135 3724 1202 3791 eius
1219 3722 1366 3796 examine

1192 3825 1367 3920 reprehen-

1167 3999 1366 4018 *a

269 4045 378 4112 *teron
393 4047 528 4108 ereditur.
542 4041 716 4126 supplement.
732 4061 798 4106 tent.
810 4062 850 4105 ιι.
867 4063 896 4124 p.
910 4062 954 4123 39.

268 4127 385 4195 ”videz
412 4149 462 4192 ιο.
488 4149 651 4192 nutriar.
674 4147 793 4201 ortu,
816 4122 890 4200 filii,
908 4124 1076 4206 epistolem,
1101 4123 1283 4206 inscriptum:
1311 4133 1366 4193 edi.

288 4218 497 4296 tieseripenrum
507 4211 707 4291 postumatum
724 4210 763 4273 10.
783 4209 897 4271 Hernici
916 4211 991 4270 Oteii
1008 4215 1037 4270 iu
1055 4209 1161 4271 annales
1180 4210 1293 4286 Celeris
1311 4215 1366 4277 Ba·

287 4305 354 4362 retii
369 4295 515 4360 cardinales
537 4295 641 4381 pistule
659 4293 824 4374 responsotia
847 4293 883 4351 ael
908 4309 1024 4353 veterem
1052 4298 1171 4353 auctorit
1190 4301 1303 4357 enicem
1319 4320 1367 4357 ex·

284 4383 474 4463 pascentque
493 4395 743 4440 uocuxxxvti.
758 4387 782 4442 ε.
804 4374 931 4441 editam,
952 4393 981 4436 et
997 4372 1071 4434 udde
1093 4396 1215 4438 uneutr
1235 4381 1367 4441 noeutllas

289 4471 317 4526 de
331 4471 357 4528 le
372 4461 525 4542 repulsique
538 4461 582 4520 det
595 4460 705 4534 lettres,
728 4480 749 4518 u
759 4479 802 4520 nc
812 4479 856 4518 tx
866 4478 910 4518 xx
920 4476 980 4519 uit.
995 4458 1042 4519 iel.
1061 4477 1089 4540 p.
1101 4471 1169 4536 784.
1183 4458 1368 4545 senlengeen
1436 4493 1441 4530 ,-

288 4551 354 4612 elteri
372 4550 428 4607 und
446 4565 528 4608 meten
546 4543 658 4624 theolog.
679 4541 790 4620 stelen,
815 4560 900 4616 1734.
921 4561 951 4622 p,
962 4545 1031 4616 614.

266 4639 306 4682 *ἵ*
318 4645 479 4727 presertim.
500 4646 600 4706 critice
615 4647 646 4706 ire
660 4639 766 4702 entes
788 4637 915 4702 Batenii.
