3225 5509
225 641 301 742 676
425 653 517 705 ear.
553 646 629 697 vrr.
682 643 736 692 ua
782 637 981 710 sexrrrrp
1014 637 1191 686 ursana.-

285 817 397 884 mear
423 787 651 887 dissertationes
676 781 761 852 sitris
793 775 979 872 ecclesistico·
1000 784 1150 878 antiqui,
1175 774 1218 848 ad
1244 775 1258 846 l

273 894 448 996 ficundum
468 908 500 960 ee
529 883 782 965 Tutilinam,
811 879 922 977 Lipsrae
950 893 1115 954 mvccxl.
1134 891 1168 962 8.
1203 873 1254 978 vbi

284 997 326 1067 de
343 994 592 1065 christianorum
612 984 695 1055 stato
718 983 792 1053 die:
833 979 1031 1052 antelucanis
1052 978 1214 1050 coetibus:
1255 1010 1258 1039 ι

285 1097 398 1166 derata
416 1088 599 1184 disciplina:
623 1083 823 1156 coitionibus
848 1081 891 1151 ad
915 1079 1111 1177 capiendum
1131 1078 1257 1150 cibum:

286 1195 348 1266 bus
369 1200 405 1263 in
423 1195 501 1262 vicis
512 1193 548 1258 'et
560 1192 667 1281 agris:
706 1184 747 1254 de
760 1180 945 1253 differentia
963 1185 1046 1250 inter
1071 1179 1226 1250 ordinem
1242 1203 1257 1248 e

286 1287 446 1365 ilicum'et
465 1287 612 1383 plebem:
644 1286 685 1356 de
708 1281 851 1355 eonsessu
884 1282 1009 1351 ordinis
1030 1278 1248 1350 ecclesiastici:

286 1394 385 1464 elefiae
403 1391 484 1460 slatu
501 1393 661 1482 antiquo:
685 1385 726 1457 de
740 1390 811 1456 iure
825 1383 989 1453 laicorum
1008 1379 1202 1453 sacerdotali
1222 1403 1258 1450 ac

286 1516 323 1566 re
343 1491 443 1563 dandi
457 1487 668 1584 baptismum.

610 1619 614 1628 ·
734 1626 768 1725 t.
832 1622 896 1703 rx.

343 1769 506 1860 Eorum,-
532 1764 600 1881 qui
627 1763 816 1866 speciatim
839 1783 937 1844 certa
970 1763 1092 1863 capita
1131 1760 1256 1862 antiqu

239 1867 515 1948 christianarum
538 1875 761 1957 interpretati
788 1866 885 1953 sunt,
917 1889 1096 1940 numerus
1120 1887 1200 1937 non
1229 1887 1258 1939 er

238 1974 296 2045 est.
346 1968 542 2046 Dederunt
556 1967 608 2043 illi
630 1965 827 2068 singularia
843 1965 970 2066 scripta
981 1965 1028 2068 de
1044 1982 1214 2040 veterum
1231 1961 1258 2038 cl

239 2095 370 2146 norum
393 2067 552 2165 templis,
587 2067 661 2144 ritu
680 2091 724 2143 ea
756 2064 994 2144 consecrandi
1032 2063 1161 2165 deque
1189 2065 1257 2140 alta

240 2171 285 2245 <le
304 2168 433 2247 diebus
458 2167 577 2245 fellis:
612 2166 659 2244 de
682 2166 846 2267 partibus
872 2167 1033 2267 ipsorum
1057 2164 1258 2248 sacrorum.

239 2270 407 2346 sionibus
423 2268 620 2367 nimirum,
645 2267 838 2369 precibus,
859 2266 1028 2365 hymnis:
1060 2264 1109 2343 de
1122 2263 1258 2364 baptiso

140 2369 142 2373 ’
240 2398 298 2446 cra
321 2395 446 2462 cona,
471 2369 618 2470 agapis,
641 2367 830 2468 disciplina
846 2367 993 2445 arcani:
1034 2364 1083 2443 de
1117 2363 1257 2467 discipli

241 2470 455 2568 doninica,
480 2468 712 2567 poenitentia,
746 2467 1156 2547 excommunicatione:
1192 2467 1258 2544 det

239 2571 296 2692 pis
312 2570 469 2670 aliisque
489 2567 705 2646 huiusmodi
727 2569 987 2670 antiquitatum
1014 2570 1252 2671 argumentis.

336 2716 476 2781 Minime
495 2718 622 2782 animus
639 2717 718 2785 milri
736 2716 798 2798 est,
834 2713 1004 2808 fingularia
1028 2718 1155 2808 ingenii
1187 2737 1258 2787 mon

287 2815 519 2904 antiquitatum
537 2813 816 2886 ecclesiasticarum
835 2817 986 2885 adcurate
1007 2815 1218 2912 percensere,
1241 2820 1258 2885 it

287 2916 383 2979 nimis
405 2909 544 3003 longum
568 2933 664 3007 atque
693 2939 712 2982 a
741 2915 914 3011 scriptione
941 2941 1013 2985 mea
1042 2916 1190 2987 alienum
1218 2911 1258 2987 eil

285 3009 443 3092 sufficiat,
471 3011 619 3105 quaedam
639 3035 766 3084 tantum
781 3042 897 3086 eorum
917 3013 1078 3087 adduxill'e
1104 3041 1143 3086 ac
1164 3018 1258 3088 solun

286 3138 363 3182 men
383 3114 506 3180 notitia
525 3111 657 3183 illorum
676 3113 801 3185 dedisse.
854 3118 984 3186 Exstant
1002 3120 1122 3210 igitur:

335 3219 358 3285 1.
385 3213 424 3282 de
444 3213 563 3309 templis
579 3235 724 3284 veterum
741 3216 1012 3286 christianorum:
1056 3241 1239 3289 oroncii

286 3339 386 3384 nexi
416 3315 529 3383 relatio
545 3313 584 3382 de
602 3317 726 3411 templis
744 3324 986 3413 primitiuorum
1011 3315 1257 3408 christianorum

284 3415 409 3508 anglice
435 3413 568 3508 scriptus
590 3438 688 3509 atque
706 3417 830 3500 editus,
855 3419 997 3487 Londini
1021 3437 1258 3495 MDchxxlx

283 3517 337 3585 vbi
356 3518 496 3583 maxime
515 3521 689 3608 exponitur
715 3516 755 3586 de
779 3518 934 3613 templis,
961 3545 1031 3614 quae
1056 3515 1168 3589 seculo
1205 3544 1258 3616 qua

286 3615 428 3710 polleaa
448 3613 623 3682 christianis
642 3620 677 3686 in
687 3621 813 3688 oriente
829 3619 962 3688 condita
981 3618 1054 3689 sunt
1067 3643 1105 3686 ac
1123 3645 1258 3715 quorun

286 3714 451 3810 supersunt
477 3713 610 3785 rudera:
653 3741 709 3792 10.
737 3742 946 3788 cremetur
965 3718 1104 3818 synopfis
1121 3720 1258 3812 historica

286 3822 352 3883 cris
393 3811 555 3905 adficiir,
590 3840 610 3883 a
637 3816 834 3910 Constantino
866 3844 982 3914 niagno
1015 3818 1225 3912 constructis,

290 3912 680 3989 .·.rncxe111.fol.**10.
716 3943 906 3989 rnxxrcrr
935 3926 1044 3990 oratio
1075 3921 1115 3991 de
1150 3922 1257 4020 templi

228 4027 231 4034 '
290 4040 359 4082 rum
372 4011 626 4103 christianorum,
646 4019 836 4090 Helmstadii
856 4037 1019 4094 MDCclv.
1032 4044 1065 4112 4.
1100 4046 1252 4092 rossan

298 4138 343 4180 na
365 4112 474 4244 liber}
487 4140 587 4210 quem
600 4121 733 4190 Henric.
747 4120 868 4192 Ladon.
889 4121 1094 4192 Bentbemiur
1116 4146 1155 4193 cx
1176 4121 1258 4216 angli

843 4371 1258 4390 Q*

269 4447 293 4482 ,τ’
320 4459 366 4497 cr,
380 4459 397 4499 ι
411 4459 450 4499 nr
468 4461 486 4502 e
503 4462 515 4502 ι
549 4439 719 4522 bibliothequ.
747 4438 894 4518 murensis.
917 4458 983 4502 ron.
999 4463 1083 4510 xrrr.
1112 4465 1142 4524 p.
1155 4446 1225 4519 468·
1246 4441 1258 4502 l

304 4545 389 4584 l'fil'llS.

279 4621 318 4687 r«.
340 4636 531 4679 ..Nmnrr
555 4613 711 4676 monerliede
735 4614 968 4764 vermeriensem,
987 4619 1071 4694 1695.
1093 4641 1123 4698 p.
1133 4638 1184 4698 95.
1199 4638 1258 4682 aar

303 4721 405 4766 raum
425 4697 597 4766 minitere
607 4719 661 4764 von
678 4693 885 4783 nereltvrirdr'g.
952 4696 1033 4779 ben,
1044 4703 1149 4786 Ualen.
1163 4724 1212 4770 ra.
1228 4725 1254 4786 p.
