3225 5509
646 627 970 684 succremento.
1085 649 1092 666 ·
1313 621 1386 700 ¹²3·

267 768 431 846 decim
447 769 582 868 finctum
603 779 642 850 de
663 779 900 852 mutationibus
923 780 1062 876 politicis
1077 785 1113 850 iii
1129 785 1285 874 imperiis.
1337 787 1387 854 Ita

269 873 401 946 nullum
428 899 664 970 argumentum
693 877 938 975 ptaetetmill'um
964 881 1025 964 est,
1044 881 1135 976 quod
1160 880 1201 950 ad
1219 881 1386 954 historiam

275 972 523 1046 etcltfiafficam
548 983 629 1048 noui
655 981 835 1050 testamenti
858 986 1004 1074 pertinet.
1055 985 1179 1050 Omnia
1204 981 1387 1052 incredibili

276 1071 344 1148 fert
358 1073 532 1160 industria,
552 1103 673 1170 magna
701 1079 785 1162 lide,
809 1081 892 1150 iusto
913 1081 1028 1152 ordine
1046 1105 1084 1150 ac
1104 1079 1267 1176 perspicue
1286 1081 1386 1160 tradi·

277 1193 311 1248 ta
325 1173 411 1268 sunt,
431 1177 550 1272 haeque
564 1177 737 1272 singulares
752 1185 886 1250 virtutes
910 1185 1060 1252 centuriis
1081 1180 1130 1249 liis
1150 1180 1237 1274 apud
1257 1204 1386 1260 omnes,

274 1278 425 1372 quirem
441 1299 482 1346 ex
506 1282 642 1350 veritate
659 1281 837 1362 aestimant,
859 1279 989 1351 laudem
1016 1279 1147 1372 insignis
1175 1303 1213 1348 iic
1231 1281 1384 1376 praeslan-

272 1369 383 1450 iiffinii
410 1381 522 1470 operis
545 1378 774 1454 conciliarunt.
825 1384 941 1452 Naeuis
964 1381 999 1450 id
1024 1403 1096 1450 noti
1119 1401 1246 1450 carere:
1283 1379 1384 1476 pluri·

271 1477 336 1546 mis
352 1475 550 1570 locupletari
570 1475 658 1574 posse
675 1475 906 1550 accessionibus
920 1504 957 1549 ac
979 1478 1082 1551 mulia
1099 1479 1277 1564 emendari,
1294 1479 1382 1566 liaud

269 1573 482 1648 diffitendum
496 1577 553 1652 ell.
607 1585 691 1677 Qiae
707 1602 817 1652 tamen
838 1584 873 1650 iti
889 1579 949 1650 islo
966 1577 1085 1662 insunt,
1109 1583 1187 1648 viria
1202 1579 1383 1650 excusanda

269 1671 347 1758 esse,
374 1681 517 1772 quisque
550 1677 716 1760 iudicabit,
736 1681 870 1776 quando
893 1699 1040 1774 reputate
1056 1677 1153 1762 velit,
1176 1703 1217 1748 eo
1236 1701 1384 1776 ternpore

270 1780 439 1846 cennirias
453 1778 511 1848 has
525 1775 654 1873 scriptos
671 1775 741 1862 else,
761 1805 829 1878 quo
854 1782 970 1850 eruditi
990 1783 1052 1850 viri
1073 1803 1144 1848 tion
1159 1799 1283 1850 tantam
1302 1803 1384 1876 ope·

273 1899 347 1947 ram
361 1880 397 1948 iri
411 1875 544 1950 historia
560 1878 765 1950 ecclesiastica
782 1885 902 1976 pariter
925 1905 962 1950 ac
986 1879 1164 1950 litteraria:
1203 1883 1238 1950 in
1252 1878 1382 1979 scriptis

270 1997 406 2074 patrum
427 1978 554 2050 ordinis
578 1977 655 2050 sacri
672 1985 834 2074 germanis
858 1980 899 2048 ab
926 1979 1112 2050 adulterinis
1142 1977 1381 2073 discernendis:

269 2081 309 2150 in
338 2083 554 2148 monimentis
573 2103 730 2160 veterum,
753 2105 791 2152 ex
811 2081 948 2148 tenebris
970 2083 1005 2150 in
1022 2078 1130 2150 lucem
1150 2077 1381 2174 proferendis:

226 2228 239 2244 .
269 2181 307 2250 iii
336 2175 494 2250 locorum
524 2202 756 2274 corruptorum
789 2180 1019 2256 emendatione
1041 2179 1246 2257 collocarint,
1274 2203 1383 2274 quati.

271 2299 341 2348 iam
375 2277 489 2374 postea
518 2301 551 2350 et
583 2281 692 2350 nostia
723 2301 818 2352 attare
843 2277 883 2348 ad
908 2279 977 2348 liicc
1012 2282 1126 2344 omnia
1163 2277 1381 2355 adhibuerint.

272 2383 391 2476 Quum
422 2402 507 2474 opus
530 2381 595 2450 hoc
617 2381 659 2449 ad
684 2379 825 2450 seculum
854 2400 982 2450 tantum
1000 2381 1130 2450 tertium
1156 2400 1194 2445 ac
1217 2375 1380 2450 decimum

272 2477 475 2574 perductum
495 2476 566 2562 esse,
583 2481 717 2562 constat,
733 2479 827 2550 multi
849 2499 1014 2573 optarunt,
1037 2497 1072 2562 vt
1093 2501 1163 2572 quae
1180 2473 1381 2574 reliquorum

273 2577 457 2654 seculorum
474 2578 588 2662 desint,
604 2581 812 2660 accedereut;
838 2604 898 2648 nec
923 2577 1108 2657 defuerunt,
1133 2580 1189 2674 qui
1209 2574 1248 2647 de
1266 2575 1382 2651 labore

276 2681 534 2750 continuationis
548 2679 748 2776 suscipiendo
781 2683 973 2774 cogitarent.
1026 2675 1177 2750 Refertur
1199 2675 1380 2752 interillos

282 2799 513 2852 uvooiicvs
530 2784 789 2864 svcivs‚cuius
810 2801 903 2849 antea
925 2775 1221 2870 mentioncmfeci3
1250 2779 1303 2850 led
1322 2801 1384 2849 iic·

278 2901 343 2972 que
360 2882 425 2952 eius
442 2885 650 2953 continuatio
666 2881 772 2950 lucem
792 2881 892 2956 vidit,
918 2904 1023 2973 neque
1040 2878 1105 2957 illo,
1126 2877 1167 2945 aid
1184 2903 1285 2972 quam
1298 2873 1379 2950 iussu

276 2979 364 3048 ducis
390 2981 557 3076 Rudolphi
583 2983 717 3075 Augusti
742 2976 899 3052 Gebhard.
932 2977 1085 3051 Theodor.
1112 2980 1255 3048 Meierus
1278 2977 1309 3050 le
1322 2979 1383 3048 ad·

273 3079 432 3176 plicuerat
461 3087 619 3176 cuiusque
646 3083 756 3176 polloa
799 3079 888 3176 spem
926 3077 1046 3152 fecerat
1089 3102 1145 3147 io.
1181 3101 1377 3148 inuitas

278 3169 533 3264 conuiuiis,
560 3207 579 3250 a
605 3207 673 3276 quo
696 3177 842 3252 emissum
871 3179 934 3251 cst:
966 3179 1129 3272 coitſsli'usii,
1154 3201 1215 3275 qno
1242 3183 1381 3248 vinnium

275 3279 507 3376 protestantium
521 3283 710 3374 ecclesii-nm
728 3287 866 3352 eruditis
889 3288 1106 3349 centiiri'oriim
1130 3273 1380 3374 magdeburgen·

272 3379 345 3477 finni
352 3382 614 3465 emendationem,
628 3383 827 3476 defensionem
847 3399 878 3450 ct
892 3386 1156 3450 continuationem
1172 3378 1378 3460 commendat,

278 3481 467 3553 llelmlladii
482 3485 676 3574 MDCC.4.*
713 3489 802 3579 Quae
825 3481 955 3550 confiliii
970 3505 1073 3576 quum
1093 3476 1214 3551 fuerint
1241 3476 1307 3547 sine
1331 3475 1381 3550 ef-
1426 3533 1435 3549 ,

278 3577 377 3660 lectu,
401 3581 534 3653 tandem
550 3581 591 3652 ad
613 3585 697 3654 hanc
716 3607 784 3654 tem
807 3577 983 3664 acceffitac
996 3577 1088 3676 quod
1106 3579 1159 3648 alii
1176 3575 1381 3673 propofitum

280 3701 407 3754 tontum
429 3679 486 3752 sibi
506 3681 699 3766 habuerunt,
713 3683 747 3755 id
763 3683 908 3779 prostare
921 3686 1020 3774 coepit
1034 3677 1130 3776 lullus
1149 3675 1273 3750 lacobus
1290 3683 1383 3752 Hau-

278 3785 375 3856 cliirts.
428 3779 602 3875 Adgrelsus
635 3790 723 3856 enim
747 3785 791 3855 est
819 3782 859 3852 ad
875 3805 1000 3850 nouam
1020 3781 1199 3850 editionem
1219 3782 1382 3850 centuria.

280 3905 350 3952 rum
377 3880 722 3980 magdeburgensium,
756 3906 895 3976 eantque
917 3901 1098 3952 correctam
1114 3903 1211 3976 atque
1238 3900 1383 3972 auctam,
1447 3877 1452 3890 '

281 3989 368 4054 cuius
389 4005 423 4052 et
437 3983 604 4054 uoluminis
624 3979 738 4058 nlibei·
746 3978 1118 4083 primus,Norimbergae
1129 3997 1325 4052 MDchvli.
1344 3999 1383 4046 ac

279 4081 355 4152 ulei
373 4080 537 4172 secundus,
555 4083 675 4154 ibidem
696 4101 907 4158 MDCCLVHI.
936 4105 972 4174 4.
995 4084 1029 4150 in
1050 4077 1259 4174 conspectum
1290 4077 1383 4158 orbis

282 4183 395 4258 eruditi
420 4188 532 4264 ienit,
555 4209 632 4256 cum
649 4183 896 4280 praefationibus
915 4185 960 4257 lo.
978 4181 1092 4252 Selom,
1119 4177 1250 4250 Smiltri'
1267 4202 1305 4250 ac
1325 4175 1383 4250 sub

283 4283 394 4352 titulo:
432 4291 581 4354 renititiae
612 4279 914 4384 magdeburgensem
954 4277 1009 4372 seit
1034 4277 1162 4372 historio
1194 4273 1385 4370 ecclrfiaflr'ca

283 4389 354 4458 wi
371 4380 558 4479 insomnii,
582 4409 653 4458 cum
682 4392 849 4458 varini-ion
870 4382 1076 4484 inaugurati
1097 4374 1387 4546 continuationibug

1341 4503 1361 4546 o

279 4637 372 4704 *ocio
397 4639 531 4705 nolim.
556 4664 580 4704 ii
595 4663 614 4703 ii
629 4663 647 4702 o
664 4661 696 4705 o.
716 4663 744 4721 p.
764 4651 834 4716 448.
861 4635 1019 4700 nonrtlicbe
1041 4645 1158 4720 mongo
1187 4589 1386 4710 rinos-fri.

299 4745 328 4808 p.
344 4741 397 4788 ri.
416 4722 584 4812 onscbnldi'gi
605 4723 795 4806 ooebricsttn,
820 4743 908 4804 inor,
927 4743 956 4808 p.
977 4740 1023 4798 ²5·
