3225 5509
643 420 773 502 Ξτιειό
789 423 811 468 *
836 429 874 494 in
894 421 1001 492 lucem
1023 420 1208 516 productae,
1232 444 1273 490 ex
1297 418 1409 516 quibus

644 549 739 598 cram
769 518 1032 613 salisburgensem
1059 544 1132 589 non
1166 517 1409 590 contemnende

645 620 792 728 possunt.
844 627 915 691 Nec
935 642 955 687 a
970 621 1047 688 loco
1061 621 1126 689 hoc
1138 619 1245 690 aliena
1264 620 1312 692 est
1328 644 1409 690 com

646 749 726 798 rum
764 722 805 793 de
831 718 982 814 fingulari
1006 742 1103 813 atque
1131 720 1249 813 infigni
1278 725 1386 814 gratia

646 825 765 897 lumen
780 820 940 913 euangelii
964 824 998 888 in
1019 824 1189 913 prouincia
1205 819 1409 912 salisburgen

648 923 709 996 set:
744 941 795 991 tot
820 922 969 989 homines
988 923 1153 1013 Vtriusque
1170 917 1260 988 sexus
1277 944 1319 988 ac
1337 923 1409 990 cuin

648 1023 751 1098 flatus
767 1019 809 1090 ad
828 1044 938 1089 veram
952 1044 989 1086 ac
1005 1017 1174 1088 salutarem
1191 1019 1409 1088 doctrinami

648 1127 783 1198 mitates
801 1119 932 1190 adducti
953 1116 1043 1199 sunt,
1069 1140 1163 1213 atque
1174 1139 1209 1186 vt
1223 1117 1317 1188 illam
1332 1117 1409 1190 libe1

635 1295 639 1308 ,
651 1249 698 1298 1ae
726 1221 875 1293 codicem
885 1218 991 1313 legere
1005 1222 1084 1287 etin
1104 1218 1205 1313 epulis
1219 1218 1343 1287 diuinis
1356 1217 1409 1289 cal

558 1379 562 1390 ,
651 1328 765 1418 copia,
788 1321 892 1417 qualis
912 1318 1044 1414 posteris
1063 1322 1116 1385 vix
1131 1316 1294 1387 credibilis
1314 1316 1409 1390 videh

591 1489 598 1504 ,
652 1427 727 1495 uiis
744 1426 953 1512 emigrarunt.
1005 1417 1162 1514 Qaehac
1178 1417 1218 1485 de
1237 1442 1293 1498 ce,
1329 1443 1408 1488 max

650 1521 764 1594 lucem
782 1517 992 1612 prodierunt,
1016 1521 1138 1610 ingenii
1155 1521 1368 1588 monimenta
1389 1543 1409 1615 p

652 1617 769 1692 ferunt
794 1636 904 1684 tamen
924 1639 962 1684 ea
986 1618 1070 1684 inter
1087 1616 1137 1699 se,
1161 1614 1225 1688 fiue
1241 1617 1285 1688 ad
1302 1641 1409 1712 argun

652 1712 875 1787 adscribendi
894 1718 1056 1782 rationem
1078 1721 1224 1786 animum
1239 1715 1405 1790 aduertas.

653 1818 717 1911 qui
739 1811 850 1882 multis
869 1816 905 1882 in
925 1810 1006 1880 locis
1032 1811 1133 1880 habiti
1149 1814 1239 1892 sunt,
1256 1841 1366 1911 quum
1383 1817 1409 1890 sa

654 1908 889 1995 aduenissent,
913 1936 951 1981 ac
974 1910 1084 2006 postea
1108 1911 1220 1984 litteris
1251 1914 1407 2013 descripti

656 2014 777 2109 scripta
802 2031 930 2082 tantum
958 2011 1134 2097 historica,
1163 2039 1234 2084 non
1263 2023 1405 2098 omniae

655 2141 732 2213 quae
757 2138 821 2210 prae
838 2109 910 2182 aliis
932 2109 963 2186 se
987 2113 1280 2204 commendarunt,
1307 2119 1409 2190 acced

656 2216 694 2294 la
715 2211 929 2310 percenseam.
981 2212 1054 2283 Alia
1069 2212 1213 2307 spectant
1229 2214 1271 2283 ad
1283 2221 1409 2313 antiqu}

656 2319 749 2386 xiora
773 2336 942 2408 tempora,
967 2336 1005 2382 ea
1030 2319 1187 2396 maxime,
1212 2315 1333 2408 quibus
1360 2317 1408 2389 sal

659 2435 753 2486 runt.
802 2417 947 2484 Primum
968 2414 1079 2483 locum
1101 2412 1252 2506 adfigno:
1297 2439 1361 2493 10.
1404 2451 1409 2484 ι

664 2537 832 2586 nortun
859 2516 1116 2584 commentationi
1131 2513 1170 2581 de
1189 2513 1358 2607 religionis
1380 2545 1409 2588 ee

662 2610 1409 2715 ciasalisburgenfiortu‚progreffuersatu,Lip

663 2715 713 2772 ira
732 2710 872 2771 scrinrae.
901 2733 934 2771 vr
949 2712 998 2770 illa
1017 2731 1150 2770 neonem·
1166 2713 1389 2769 eruditiorum
