3225 5509
547 665 551 677 ,
664 608 977 672 tecnnstatrte.
1309 616 1381 683 m

327 863 648 984 Commemoratis
679 867 727 948 iis
737 759 1034 976 ,5⁸qulininoqua
1069 893 1107 952 et
1135 873 1260 954 media
1279 882 1389 962 ‘etate

227 991 371 1086 operam
396 967 503 1083 suam
532 995 575 1046 tn
595 969 747 1086 historia
774 971 1013 1050 eccleiiastica
1040 977 1251 1075 posterioris
1275 977 1389 1060 fode.

227 1067 546 1274 :su-ptffptbetpda
563 1091 686 1246 totque
719 1073 933 1152 illustranda
956 1071 1166 1253 ppiuesdunt,
1183 1079 1310 1254 penio
1341 1080 1389 1162 ad

246 1197 296 1250 cn
399 1197 420 1246 s
465 1197 563 1248 rcen
579 1199 667 1252 sores
722 1199 916 1278 quumque
1007 1201 1020 1254 1
1101 1201 1210 1256 tuest
1272 1196 1385 1282 gene.

232 1271 277 1352 ris
300 1271 414 1370 sunt,
456 1269 608 1351 ordines
674 1277 859 1354 constituo
900 1299 1105 1382 eorumque
1138 1287 1321 1360 rationem·
1367 1307 1390 1362 o

228 1371 414 1478 religione
443 1371 571 1460 stuno,
608 1374 671 1452 cui
735 1375 872 1479 uisque
898 1375 1032 1456 horum
1077 1399 1269 1458 auctorum
1324 1379 1389 1460 ad.

227 1473 370 1553 dictum
396 1471 436 1550 se
474 1473 651 1575 professus
689 1501 738 1570 e¹
834 1475 987 1556 Initium
1016 1477 1115 1556 facio
1139 1505 1159 1557 a
1185 1464 1390 1584 lutheranis,1

227 1577 292 1680 qui
315 1573 367 1652 tie
390 1571 543 1688 historia
568 1573 638 1652 hac
661 1577 800 1678 optime
822 1578 945 1656 meriti
967 1577 1051 1654 sunt
1067 1579 1254 1682 nobisque
1281 1581 1391 1686 inge.

228 1677 282 1754 nii
307 1675 370 1754 sui
388 1695 618 1752 monimenta
641 1677 881 1765 tradiderunt,
903 1703 924 1756 a
945 1677 1110 1756 studiofis
1126 1705 1260 1769 rerum,
1280 1681 1322 1760 in
1338 1683 1391 1762 ci·

227 1777 345 1856 nitate
387 1773 584 1888 christiana
612 1779 819 1878 gestatum,
847 1804 926 1858 non
953 1777 1029 1859 {ine
1060 1779 1183 1884 fructu
1212 1783 1386 1884 legenda.

227 1878 420 1960 Differunt
447 1877 511 1952 iila
534 1877 686 1955 mterse
713 1905 793 1957 non
815 1878 932 1958 solutu
958 1884 1057 1962 mole
1079 1879 1161 1967 sua,
1187 1881 1236 1960 ita
1253 1885 1389 1964 utalia

227 1977 300 2058 fint
323 1975 470 2054 minora
491 1977 703 2066 volumina3
737 1979 814 2056 stue
840 1980 1084 2080 compendia:
1125 1981 1197 2060 alia
1228 1983 1412 2085 maiora3‘

227 2079 288 2158 sed
308 2077 420 2156 etiam
443 2075 637 2179 dignitate,
654 2105 729 2181 qua
750 2085 862 2157 altera
879 2081 998 2158 alteris
1016 2087 1078 2162 vei
1092 2083 1280 2184 superiora
1293 2085 1391 2186 ess'e3

227 2183 286 2260 nel
302 2177 494 2262 inferiora,
522 2177 631 2256 facile
653 2180 941 2282 intelligendum
968 2183 1032 2261 est.

349 2302 389 2371 In
414 2296 638 2396 percensendis
665 2297 790 2395 scriptis
818 2297 956 2368 historio
990 2296 1202 2370 ecclesiastice
1234 2303 1317 2368 noui
1342 2319 1388 2370 te-

273 2398 446 2490 stamenti,
474 2423 494 2467 a
523 2398 711 2470 nostrorum
748 2398 915 2471 sacrorum
949 2397 1141 2468 doctoribus
1189 2397 1389 2491 compositis,

276 2519 467 2596 temporum
485 2498 648 2580 ordinem,
665 2499 783 2596 quibus
803 2498 858 2570 illa
876 2504 911 2567 in
925 2498 1033 2570 lucem
1049 2493 1158 2568 emiisa
1178 2494 1325 2582 fuerunt,
1344 2496 1391 2566 se-

278 2605 350 2697 qui,
365 2603 493 2668 animus
509 2599 589 2668 mihi
605 2599 659 2684 est,
677 2599 741 2671 iiue
753 2623 788 2669 ea
810 2598 871 2669 stnt
884 2604 1027 2685 minora,
1044 2599 1148 2682 idest,
1170 2597 1390 2692 compendiat

281 2698 496 2772 stuemaiora.
549 2705 632 2796 Quae
654 2700 695 2769 ad
721 2697 1022 2796 utrumquefoedus,
1045 2703 1134 2796 prius
1153 2723 1192 2768 ac
1218 2697 1389 2794 posterius,

284 2797 379 2870 fimo]
394 2797 547 2896 spectant,
564 2825 667 2894 quum
685 2799 740 2870 illa
753 2821 850 2870 antea
870 2805 1041 2886 enanaui,
1067 2797 1276 2869 nunciibros
1290 2797 1392 2870 histo·

281 2904 338 2972 rite
370 2898 582 2970 ecclesiastice
613 2905 694 2970 noui
723 2921 852 2972 tantum
886 2901 1066 2974 testamenti
1102 2897 1389 2976 commemorabo.

279 2999 403 3100 Quales
430 3001 480 3069 isti
501 2998 580 3082 stnt,
604 2997 741 3092 syllabus
767 3025 900 3089 norum,
921 3005 978 3097 qui
993 2999 1160 3096 sequitur,
1182 2997 1340 3072 ostendit:

355 3106 513 3174 centurie
544 3098 845 3196 magdeburgenses,
880 3125 963 3196 opus
995 3101 1134 3172 historin
1167 3097 1392 3194 ecclefiaiiicae,

279 3225 350 3300 quo
369 3200 496 3272 nulium
520 3200 670 3272 illustrius
692 3196 731 3271 oc
751 3200 895 3272 nobilius
916 3201 988 3296 post
1011 3199 1183 3271 emendata
1204 3197 1292 3268 sacra
1311 3221 1390 3296 pto·

280 3303 351 3374 diit.
400 3299 593 3396 inscriptum
615 3302 650 3372 id
675 3303 739 3373 est:
766 3298 957 3396 ecciefiassica
979 3299 1127 3394 historia,
1153 3306 1316 3392 integram
1341 3323 1391 3368 ee·

278 3401 367 3498 eirssae
383 3398 495 3495 christi
513 3400 626 3486 ideam,
644 3421 799 3504 qnantum
816 3403 860 3473 ad
883 3399 995 3482 locum,
1012 3406 1277 3501 propagationem,
1303 3417 1395 3468 tran·

278 3505 481 3604 quiiiutem,
505 3501 697 3586 doctrinam,
718 3499 868 3598 hareses,
890 3509 1094 3584 ammonias,
1118 3497 1393 3594 gubernationem,

273 3603 457 3702 schismata,
469 3598 620 3698 ffinodos,
643 3615 801 3704 personas,
826 3603 992 3687 miracula,
1016 3607 1201 3694 martyria,
1229 3600 1395 3696 religiones

280 3725 379 3775 extra
403 3703 551 3796 asclepam
568 3721 600 3773 et
611 3703 729 3798 statum
743 3710 871 3804 imperii
883 3705 1047 3800 politicum
1064 3703 1211 3782 adtinrt,
1221 3699 1395 3797 sectandum

273 3804 416 3902 fingnias
457 3811 619 3874 centurias
651 3801 810 3906 perspicuo
839 3795 969 3874 ordina
990 3795 1214 3905 complectens,
1235 3801 1394 3902 fingnIari

281 3907 507 4002 diligentiori
531 3902 601 3998 fide
630 3932 670 3977 ex
695 3902 896 4000 tritnflifflrnis
921 3923 955 3975 et
977 3913 1103 4005 optimis
1133 3900 1305 3997 hilioricr't,
1322 3981 1327 3996 ι
1339 3921 1396 4002 pa·

282 4005 386 4082 tribur
406 4023 438 4076 et
462 4007 536 4075 aiiis
556 3999 766 4108 scriptoribus
794 4003 930 4102 congesta
951 4023 1009 4105 per
1036 4009 1156 4107 aliquot
1182 3997 1330 4098 lindiofirs'
1361 4022 1395 4070 et

280 4113 351 4210 piar
373 4112 462 4178 uiros
486 4113 522 4175 in
551 4109 630 4176 orbe
656 4105 911 4206 magdeburgica.
983 4111 1106 4178 Lucem
1139 4103 1220 4175 vidit
1252 4107 1397 4200 primum

284 4206 410 4279 Bastieae
434 4206 475 4276 ab
499 4231 590 4276 anno
619 4227 755 4285 MDnlx.
779 4230 882 4302 osque
907 4203 948 4276 ad
971 4225 1159 4282 MDLXXIV.
1185 4201 1247 4274 fol.
1269 4225 1319 4274 tot
1337 4226 1398 4273 voa
1425 4193 1430 4202 ’

284 4306 570 4401 luminibus,quot
581 4306 826 4390 suntcenturiae,
838 4329 899 4377 tres
913 4309 1072 4378 nimitum
1084 4329 1122 4374 ec
1140 4302 1252 4373 decem
1263 4329 1271 4372 :
1283 4301 1399 4373 deinde

285 4409 400 4480 itidem
417 4405 539 4476 Bafileae
556 4427 746 4486 MDcxxltt.
767 4407 828 4478 fol.
847 4432 923 4478 cura
939 4407 1091 4479 Lndoniei
1107 4407 1215 4497 Lucii,
1236 4429 1307 4498 quae
1329 4403 1397 4474 edi·

286 4513 334 4578 tio
364 4509 516 4605 quamuis
543 4505 579 4576 fit
609 4509 764 4588 nitidiott
814 4512 924 4578 minor
946 4529 1057 4580 tamen
1088 4509 1156 4576 eius
1191 4503 1398 4581 existimatio.

287 4611 325 4678 ln
348 4632 389 4682 ea
415 4611 505 4678 onim
531 4631 604 4682 non
629 4607 736 4687 solum
763 4607 903 4708 epistolae
927 4609 1136 4684 dedicatoria
1160 4599 1281 4680 omiffae
1303 4602 1396 4775 suptp

864 4713 900 4782 H
927 4731 945 4804 5
1355 4729 1370 4774 e
