3225 5509
582 641 915 726 t‘ccttttatnte·
1255 624 1323 707 385

281 827 499 876 nxroxtvs
540 817 810 895 rosstvrxvt,
849 808 941 874 cuius
969 805 1146 902 adparatus
1164 809 1260 900 sacer
1281 807 1328 876 ad

194 905 368 1005 scriptores
391 909 513 976 veteris
526 923 559 974 tt
576 911 651 974 noui
665 902 843 992 testamenti
852 957 861 988 ,
884 929 992 977 eorum
1006 915 1198 1004 interpretes
1208 962 1217 989 ,
1225 906 1323 1002 ſjno·

198 1007 257 1082 dos
272 1025 308 1080 et
322 1025 435 1108 patres
452 1007 571 1077 latinos
585 1030 756 1102 acgracos,
773 1005 880 1075 horum
897 1009 1058 1100 verssones,
1073 1006 1326 1106 theologosscho·.

200 1105 324 1204 laslicot
340 1111 460 1208 quique
482 1125 597 1178 contra
613 1105 776 1176 hareticos
798 1128 957 1200 egerunt,
982 1130 1076 1179 ceter.
1108 1109 1234 1204 prodiit
1253 1097 1319 1206 pri·

199 1231 295 1282 mum
310 1211 455 1281 Veneriis
470 1226 610 1282 MDcm.
631 1229 664 1276 et
682 1226 731 1281 lv.
758 1206 811 1277 sed
824 1210 930 1279 multo
944 1209 1141 1305 locupletior
1154 1231 1187 1280 et
1206 1231 1318 1281 emen·

199 1311 312 1380 datior
340 1307 493 1380 Colonia
521 1311 711 1402 Agrippina
738 1327 925 1382 Moccvlll.
951 1309 1013 1382 fol.
1051 1313 1180 1381 duobus
1204 1313 1316 1381 tomis.
1412 1345 1415 1358 ·

199 1415 237 1482 ln
260 1410 390 1480 vallum
414 1433 499 1504 opus
525 1410 615 1503 hoc,
652 1432 720 1504 quo
761 1407 932 1502 scriptores
955 1409 1134 1484 secundum
1160 1409 1315 1481 ordinem

196 1509 382 1584 litterarum
402 1507 628 1590 recensentur,
653 1509 892 1579 animaduerho
924 1511 1069 1582 censoria
1103 1536 1207 1609 caque
1233 1513 1314 1582 iulla

197 1609 348 1682 adhibita
367 1609 430 1691 est,
456 1631 528 1680 non
543 1607 649 1680 solum
672 1631 809 1705 propter
829 1611 951 1680 multos
973 1618 1148 1708 variosque
1167 1637 1312 1691 errorem

197 1711 252 1786 sed
268 1715 372 1782 etiam
389 1709 435 1780 ob
446 1733 585 1807 prauum
611 1714 753 1803 portium
772 1709 932 1794 studium,
958 1718 1010 1783 cui
1035 1719 1080 1782 ita
1101 1713 1132 1784 l'e
1155 1713 1310 1808 tradidit,
1412 1715 1416 1730 “

197 1833 237 1884 vt
250 1833 391 1884 omnem
409 1815 615 1882 mentionem
641 1808 889 1880 lutheranorum
910 1811 1127 1908 aliorumque,
1150 1835 1311 1910 tanquam

195 1913 447 2004 hereticorum,
478 1909 680 2006 neglexerit,
720 1909 743 1978 st
772 1911 926 1982 nonnulli
959 1917 1191 2010 excipiantur,
1222 1940 1308 2011 quos

194 2011 277 2085 falsa
298 2009 521 2107 perluafiohe,
549 2036 608 2081 eos
626 2009 775 2104 religioni
790 2035 935 2082 romana
954 2013 1103 2112 addictos
1119 2009 1198 2100 elle,
1216 2039 1310 2088 com·

193 2111 420 2186 memorauit:
436 2111 458 2156 *
1082 2111 1086 2120 '
1387 2187 1389 2192 ,

271 2235 483 2284 nottnrvs
517 2231 840 2294 incertumve,
864 2213 955 2282 cuius
982 2211 1097 2282 exlltt:
1127 2209 1309 2313 descripto.

192 2309 289 2388 rihtet
307 2311 510 2407 eaclfiasticis
523 2309 604 2382 hier
619 2335 717 2393 ainus,
742 2334 814 2379 cum
830 2311 991 2382 adiunctis
1018 2313 1177 2385 indicibus
1207 2315 1307 2384 vnde·

191 2423 261 2490 clm
282 2433 316 2487 et
334 2411 429 2484 hratu
452 2413 650 2514 chronologia
676 2410 716 2482 ah
748 2407 822 2482 orba
850 2413 976 2484 condito
1004 2416 1167 2513 usquead
1188 2440 1306 2486 annum

194 2533 353 2592 MDCXIl·
377 2521 492 2590 Roma
512 2529 735 2604 mucx111.4.
790 2513 965 2610 Postquam
994 2511 1076 2584 libet
1104 2516 1187 2603 hic,
1229 2515 1305 2586 satis

194 2639 299 2689 notus
314 2637 354 2686 ac
369 2615 515 2708 celebris,
527 2615 667 2708 primam
684 2611 791 2682 lucem
810 2613 1018 2712 adspexerat,
1042 2615 1122 2710 saepe
1145 2621 1172 2686 is
1193 2616 1305 2687 denuo

193 2717 379 2810 litterarum
406 2713 523 2785 formis
555 2712 727 2808 descriptus
760 2713 818 2792 est.
892 2715 1014 2786 Iterum
1044 2723 1134 2788 enim
1156 2718 1305 2814 prodiit:

194 2817 351 2892 Colonia
366 2834 531 2890 iunctm.
552 2829 585 2896 8·
607 2833 777 2888 ntoctvn.
798 2832 833 2902 3.
857 2821 1096 2890 nhcixxxtv.
1110 2841 1151 2913 4.
1180 2817 1304 2888 Parifiis

193 2937 363 2998 mncxvt.
392 2933 584 2990 Mucxxxt.
612 2927 645 2996 8.
693 2915 844 3008 Lugduni
876 2933 1065 2993 Mneuxm.
1089 2931 1125 3002 8.
1163 2921 1306 2990 Louanii

194 3035 438 3096 MDchxvm.
462 3013 813 3087 Bruxelhsuuccxn.
835 3027 867 3097 8.
891 3041 962 3112 quc
986 3016 1107 3100 editio,
1132 3041 1167 3087 vt
1191 3020 1305 3090 titulus

194 3119 323 3204 habet,
356 3114 521 3213 prioribus
559 3114 763 3183 emendatior
786 3114 832 3183 est
861 3139 900 3183 ac
924 3115 1069 3210 pluribus
1093 3117 1311 3213 scriptoribus·

194 3219 243 3292 ad
255 3218 464 3314 exemplum,
492 3213 621 3309 abipso
640 3238 774 3283 auctore
797 3217 968 3310 quondam
993 3223 1217 3314 recognitum,
1243 3245 1305 3294 eut·

194 3325 297 3397 ctiot.
345 3317 512 3388 Editiones
535 3317 583 3384 hae
604 3339 675 3383 non
691 3335 808 3383 omnes
831 3313 904 3384 sunt
924 3316 1096 3390 adcurate.
1112 3323 1151 3360 *²⁸
1207 3319 1306 3391 Liber

195 3419 266 3519 ipse
290 3445 310 3490 a
331 3417 500 3488 nonnullis
527 3438 696 3512 tamquam
728 3418 874 3511 optimus
900 3421 1053 3486 omnium
1076 3413 1306 3512 reliquorum,

195 3547 285 3620 quos
307 3519 519 3592 Bellarminus
538 3515 744 3612 compuliut,
767 3517 934 3594 laudatum
966 3517 1234 3611 necnegaudum
1249 3523 1306 3606 est,

195 3624 294 3696 illum
313 3645 378 3716 prae
400 3617 430 3690 se
455 3616 574 3686 habete
590 3616 828 3692 eruditionem3
863 3639 1008 3686 attamen
1047 3643 1106 3688 nec
1131 3643 1207 3688 eum
1233 3644 1305 3690 nae.

194 3745 324 3794 uorum
342 3741 504 3814 expertem
521 3713 602 3806 elle,
636 3715 766 3786 abunde
787 3717 923 3786 constat.
974 3715 1081 3787 Multa
1102 3721 1305 3814 ptaetermiht

197 3823 438 3916 Bellarminus,
463 3843 535 3916 quae
561 3819 601 3886 ad
630 3818 905 3909 chronologiam,
936 3815 1104 3890 historiam
1135 3819 1306 3918 artemque

196 3927 351 3995 criticam
375 3919 540 4014 spectant:
575 3917 758 3990 multorum
774 3917 944 3989 illustrium
964 3918 1157 4016 scriptorum
1181 3920 1308 3994 nullam

197 4027 409 4096 mentionem
432 4017 532 4092 fecit:
569 4045 604 4090 vt
620 4025 656 4090 in
684 4017 754 4088 aliis
777 4017 920 4112 scriptis,
953 4021 998 4090 ita
1022 4022 1058 4087 in
1079 4021 1146 4090 hoc
1173 4043 1310 4116 quoque

1147 4123 1310 4214 ignoran-

147 4269 356 4294 ...-....

185 4343 208 4386 ⁸¹
227 4307 348 4406 confert
387 4359 558 4401 tucutttt
592 4339 731 4418 historiam
756 4342 928 4404 conciliorum
950 4345 1069 4426 general.
1092 4343 1153 4407 Iihr.
1167 4365 1189 4408 1.
1214 4365 1267 4426 cap.
1283 4371 1309 4410 2.

219 4441 642 4571 pleffliltmlwmwomvs
666 4424 855 4504 proiectionih
884 4427 998 4513 theolog.
1029 4447 1136 4509 pm.
1158 4428 1265 4496 obiecit
1283 4435 1311 4494 ei

184 4531 239 4640 *tp
251 4530 421 4657 threicii
443 4588 536 4673 hiller.
552 4588 696 4656 bibliothec.
704 4605 781 4670 port.
794 4609 824 4651 v.
848 4614 877 4676 p.
893 4601 962 4671 448·
