3225 5509
225 635 300 714 826
466 643 556 692 etr.
581 641 665 689 vrr.
694 641 746 688 nt
773 635 978 700 uenture
1008 589 1184 687 itrsroe.

227 725 1353 770 W

277 779 423 862 addidit:
448 775 587 854 secunda
606 777 727 848 ibidem
740 793 931 852 Mncxulu.
943 769 1005 848 fol.
1026 796 1045 841 a
1065 777 1174 867 prima
1186 775 1231 840 ita
1248 767 1359 854 diuersa

278 909 316 958 vt
334 907 437 980 quum
458 883 527 952 haec
546 879 647 950 latina
667 897 796 946 tantum
809 873 1071 970 complectatur,
1105 871 1162 942 illa
1182 876 1279 950 etiam
1299 895 1359 968 pra.

281 1005 330 1057 tet
350 983 468 1054 multas
489 976 701 1058 accelliones,
726 999 828 1072 graeca
850 971 1109 1068 comprehendat
1127 969 1359 1068 acsrnguliqur·

283 1107 361 1156 tuor
382 1086 464 1152 tomi
481 1085 517 1150 in
538 1081 628 1154 duo-t
659 1075 710 1148 vel
736 1080 798 1146 tria
827 1073 997 1146 volumina
1022 1073 1183 1144 distributi
1214 1071 1284 1146 sint.
1325 1075 1360 1142 lu·

282 1183 414 1278 scriptio
436 1181 498 1252 est:
525 1177 654 1249 concilia
672 1175 835 1276 generalia
851 1194 883 1246 tt
898 1174 1109 1275 prouincialia
1136 1197 1245 1271 greca
1263 1190 1293 1242 tt
1310 1171 1360 1242 lai·

283 1307 348 1372 na,
392 1297 520 1379 uotqrrot
534 1284 671 1378 reperiri
688 1295 868 1375 potuerunt.
923 1281 1067 1369 Sequuta
1093 1273 1137 1345 ell
1163 1273 1265 1344 editio
1283 1275 1360 1354 tertia

283 1307 407 1460 Paridis
427 1397 671 1454 Mncxxxvru.
684 1377 747 1448 fol.
781 1401 848 1474 qua
861 1398 969 1447 totum
987 1398 1071 1470 opus
1086 1377 1121 1444 in
1134 1397 1259 1446 nouem
1277 1393 1360 1444 tonos

284 1480 445 1574 digestum
460 1475 504 1546 est
525 1500 563 1545 ac
585 1474 710 1572 septimi
725 1476 792 1547 duo
808 1476 979 1574 volumina¹
997 1473 1082 1546 sunt.
1135 1473 1296 1548 Collectio
1315 1473 1360 1542 bet

211 1601 221 1618 ·
284 1579 332 1650 ob
343 1583 430 1648 vatia
444 1579 523 1646 vitia
539 1575 730 1672 reprehensa
744 1575 809 1648 suit
824 1581 985 1672 liinioque
997 1572 1185 1658 obiectum,
1200 1597 1275 1646 eum
1286 1575 1360 1644 mati-

282 1703 375 1750 mam
397 1697 521 1772 partem
547 1675 801 1749 adnotationum
822 1676 951 1747 suarum
977 1699 1016 1746 ex
1045 1698 1235 1746 nunonis
1267 1673 1358 1745 auli

282 1776 342 1850 bus
360 1771 518 1864 ¹sun'rsrlse:
539 1777 663 1849 malam
686 1777 785 1850 fidem
804 1782 840 1850 in
863 1775 994 1849 edendis
1018 1773 1170 1846 conciliis
1198 1767 1356 1870 prodidisse:

283 1899 395 1975 graecae
423 1875 541 1970 linguar
568 1902 686 1973 parum
709 1872 852 1948 exstitisse
883 1877 1077 1972 peritum*

355 1981 410 2048 Vl.
443 1977 651 2048 conciliorum
680 1985 816 2048 omnium
845 1976 1045 2071 generalium
1076 1993 1109 2046 et
1148 1971 1357 2072 prouincitlin

282 2079 421 2152 eclectio
443 2084 554 2174 regia,
581 2075 703 2148 Parisiis
723 2075 979 2154 MDCXL1V.sol.
1009 2081 1112 2146 tomis
1135 2076 1257 2173 septem
1277 2099 1308 2146 ac
1323 2073 1358 2142 ui·

283 2183 388 2274 ginta.
460 2182 587 2248 Dicitur
609 2177 664 2248 illa
682 2183 800 2272 regia,
820 2183 980 2273 quoniam
995 2200 1034 2246 ex
1054 2179 1275 2274 typographia
1289 2177 1357 2268 regia.

254 2283 257 2288 '
289 2277 436 2374 auspiciis
458 2277 620 2352 Armandi
655 2273 940 2362 Pieffaeirtichetit,
972 2276 1174 2358 cardinalis,
1203 2284 1240 2348 in
1257 2273 1358 2368 conspe·

286 2401 378 2450 ctum
394 2377 597 2450 eruditorum
615 2374 724 2448 emissa
746 2373 821 2452 suit.
872 2373 1081 2448 Accesserunt
1103 2377 1236 2473 multa,
1261 2379 1358 2472 queit

252 2571 256 2582 Ι
282 2477 448 2576 prioribus
467 2477 687 2550 conciliorum
701 2476 923 2548 voluminibus
940 2502 1010 2547 non
1024 2473 1211 2572 habentur,
1232 2481 1294 2548 uti:
1325 2493 1359 2542 rt·

287 2603 388 2650 cour
423 2579 989 2672 struonnrconciliegallicam:
1031 2599 1215 2648 noterit
1256 2581 1370 2648 tetri-¹

286 2701 417 2746 uitur
443 2677 607 2747 concilium
629 2675 838 2771 florentinum
854 2697 950 2773 atque
967 2676 1049 2757 aliar
1078 2697 1213 2747 atvero
1242 2701 1305 2748 non
1322 2669 1358 2742 ul·

286 2778 467 2844 ditamcnta
489 2777 576 2852 haecs
611 2777 664 2846 sed
681 2778 871 2870 atrgullioris
886 2803 923 2844 ac
940 2782 1073 2848 maioris
1086 2776 1207 2846 sormae
1222 2783 1285 2874 typi
1297 2767 1357 2844 ctus·

286 2873 325 2944 sac
346 2873 436 2956 stent,
461 2873 518 2942 citr
542 2898 625 2968 opus
646 2878 712 2945 hoc
740 2901 791 2946 tot
821 2876 1040 2947 voluminibus
1065 2877 1267 2949 absoluatur.
1306 2879 1355 2943 Ho·

286 2999 366 3064 tum,
385 2997 525 3070 ptpnero
554 2979 673 3069 pariter
703 3002 742 3046 ac
764 2976 934 3072 splendore
950 2976 982 3045 id
996 2976 1137 3072 reliquas
1172 2977 1355 3048 conciliorum

287 3074 496 3144 collectiones
514 3075 685 3146 antecedit.
733 3082 816 3146 Non
833 3076 1008 3169 omnibus,
1045 3102 1106 3145 nec
1124 3082 1160 3146 in
1181 3078 1250 3173 ipsa
1265 3073 1357 3148 Galla.

285 3173 367 3244 illud
385 3172 414 3242 se
436 3176 690 3251 commendauit.
743 3175 976 3246 Defensoribus
996 3175 1069 3246 sane
1084 3175 1244 3248 libertatis
1260 3175 1357 3272 gallita-

286 3299 335 3343 nae
348 3274 387 3358 id
400 3279 540 3343 maxime
552 3273 730 3368 displicuit,
758 3277 848 3372 quod
861 3277 1009 3370 quedam
1024 3276 1275 3371 complectatur,
1286 3281 1314 3344 in
1325 3296 1356 3342 re·

285 3398 342 3468 ges
359 3377 547 3467 regiamque
573 3376 763 3468 potestatem
791 3376 956 3446 iniuriosa.
1006 3383 1078 3446 Nec
1104 3403 1176 3471 quae
1201 3383 1236 3447 in
1266 3393 1355 3447 stru

286 3477 385 3552 tomis
407 3473 624 3542 conciliorum
649 3474 762 3544 vitiosa
788 3478 930 3565 exstant,
956 3476 1051 3570 plane
1071 3501 1220 3548 correcta
1234 3477 1358 3548 suerunt:

356 3575 424 3647 Vll.
452 3595 652 3662 rattruut
691 3597 841 3647 trunci
881 3600 913 3646 er
951 3600 1178 3648 onuurtrrs
1221 3595 1359 3649 cosses·

289 3671 365 3745 rrr'
380 3669 576 3768 sacrofirncra
606 3665 736 3742 concilia
755 3676 799 3744 ad
813 3684 938 3769 regiam
963 3679 1136 3746 editionem
1152 3699 1285 3762 exacta,
1314 3693 1360 3775 qil

286 3797 368 3842 nunc
394 3793 512 3872 quarta
538 3792 631 3870 parte
664 3773 773 3868 prodit
809 3786 964 3870 auctior,
999 3776 1121 3846 Parisiis
1155 3793 1358 3854 MDCLXxi.

288 3870 616 3948 MDCLxxll.fol.
648 3870 768 3964 septem
794 3902 831 3944 ac
858 3877 970 3947 decern
998 3881 1115 3958 tomis,
1145 3903 1286 3972 quorum
1303 3877 1359 3964 duos

287 3979 376 4071 iique
409 3971 511 4042 sextus
549 3997 587 4040 ac
625 3971 776 4066 septimus
806 3976 976 4060 decimus,
1012 3976 1206 4070 adparatum
1238 3977 1361 4048 exbibtu

288 4076 431 4170 alterque
468 4071 696 4166 complectitur
739 4075 945 4168 prefationes
987 4081 1137 4172 priorum
1180 4077 1360 4164 editionum,

287 4172 438 4274 synopsin
477 4172 694 4240 conciliorum
735 4196 833 4270 atque
877 4178 997 4245 indices
1040 4201 1116 4246 cum
1158 4178 1271 4248 tabulis
1302 4197 1362 4270 geo·

290 4276 451 4380 graphicis
471 4271 687 4369 quibusdam;
709 4273 788 4346 alter
808 4297 917 4348 autem
932 4279 1039 4347 varios
1057 4275 1249 4376 scriptores,
1276 4271 1362 4370 quide

1273 4399 1363 4446 conn-

251 4527 592 4548 *ψ*
991 4519 1364 4544 ...η-,η-ι-ῤ
1394 4518 1396 4534 ¹

280 4601 398 4664 *ridet
425 4619 693 4682 tirnoqvtnrrt
719 4598 911 4664 dissertatione
939 4597 976 4662 de
1003 4598 1114 4662 Libetio
1137 4593 1259 4681 praefice
1277 4609 1363 4676 p.rrt·
1393 4547 1397 4662 1;

314 4705 543 4754 reverterent
566 4682 973 4771 incathedratione.
993 4703 1058 4762 ¹7²·
1084 4699 1171 4764 atque
1195 4682 1333 4744 tliislotrt
