3225 5509
501 615 862 671 noctesrnsrrc..
1167 618 1241 703 225

387 752 393 766 Ι
737 722 1232 753 *⁴*—

264 800 278 847 e
294 776 415 872 agitur
433 794 476 843 ac
493 772 633 843 diatriba
645 773 685 843 de
695 774 859 847 Hibernia:
875 778 1037 851 coenobiis
1053 782 1238 861 exhibeturt

264 900 358 946 tect
407 896 596 944 notarent
637 880 849 973 compendirnn
882 881 1045 951 annalium
1069 885 1239 980 ecclqiosti-

264 982 340 1073 rg'ne
362 972 548 1057 Hibernia,
569 980 685 1045 Romae
707 994 859 1053 MDcxc.
882 1002 919 1073 4.
938 978 960 1023 '¹‘
1008 988 1134 1055 Locum
1151 987 1241 1059 hunc

264 1084 283 1149 ii
313 1076 470 1147 vindicat
494 1098 636 1145 ticon.
662 1100 871 1149 vesanius.
918 1080 1028 1153 Edidit
1047 1088 1075 1153 is
1096 1110 1168 1155 non
1184 1088 1240 1157 so-

264 1202 360 1249 mam
400 1172 600 1273 ept'ssolarnm
637 1172 868 1249 hibernicarum
893 1178 1057 1279 syllogen,
1094 1186 1235 1261 Dublini

264 1276 476 1355 <11:Parisrir
498 1293 670 1351 Mchxv.
695 1302 730 1369 4.
756 1278 811 1348 vbi
830 1276 933 1350 multa
956 1281 1136 1371 habentur,
1162 1313 1235 1383 quae

264 1384 422 1477 {uitatem
446 1376 690 1449 ecclesiasticam
725 1380 892 1449 Hibernia
916 1381 1156 1477 explanandam
1184 1389 1236 1457 lu-

264 1478 415 1557 tferunta
443 1476 610 1549 sedetiam
630 1485 947 1549 commentationem
962 1482 1002 1551 de
1013 1485 1163 1578 religione
1178 1514 1237 1559 an·

264 1606 281 1651 t
299 1576 525 1653 Hibernorum
538 1597 569 1648 et
585 1582 827 1673 Britannorum,
842 1579 953 1672 lingua
972 1582 1153 1674 anglicana,
1168 1614 1236 1683 qua

264 1704 378 1777 peram
407 1678 498 1749 suam
528 1676 645 1773 posuit,
666 1700 701 1747 vt
722 1678 897 1773 probaret,
919 1702 1041 1751 veteres
1063 1686 1233 1757 Hibernos

264 1806 286 1852 ,ε
305 1785 430 1855 Scotos
453 1778 646 1873 Anglosque
662 1804 731 1847 non
748 1780 846 1849 aliam
864 1776 1025 1873 professos
1042 1780 1134 1853 fuisse
1158 1788 1245 1857 reli.·

288 1880 352 1952 nist
374 1904 472 1963 eam,
501 1904 573 1975 quae
601 1904 687 1947 nunc
708 1886 743 1948 in
767 1878 889 1973 Angiia
916 1878 1117 1975 adprobatur
1139 1887 1234 1957 ideo.

285 2004 432 2059 romana
463 1976 616 2061 differat,
651 1978 674 2047 st
701 1981 741 2049 ad
773 1979 963 2075 principalia
988 1981 1144 2053 doctrinae
1164 1988 1234 2056 cul·

267 2088 378 2179 capita
417 2078 634 2175 respiciamus.
696 2080 876 2151 Subiuncta
909 2080 955 2148 cst
992 2091 1231 2154 commentatio

264 2208 313 2253 tro
352 2180 503 2252 eiusdem
536 2184 720 2273 argumenti
768 2202 1101 2249 crtnrsrorrronr
1143 2208 1233 2253 stu-

266 2306 328 2377 11,
354 2286 391 2352 in
418 2279 526 2351 lucem
545 2274 657 2350 emiffo
674 2284 820 2373 primum
841 2276 980 2349 Dublini
996 2296 1174 2355 Mucxxu.
1198 2306 1234 2379 4.

264 2382 394 2457 oudini
413 2399 619 2458 Mncxxxu.
638 2405 674 2471 4.
689 2382 730 2425 **

573 2512 609 2595 §.
664 2504 712 2577 V.

282 2620 548 2709 ecclesiasticae,
564 2622 616 2697 ¹in
657 2622 778 2719 Belgio
801 2620 919 2721 geste,
959 2644 981 2699 a
1011 2627 1137 2703 multis
1165 2628 1233 2707 do.

266 2727 360 2820 airis
411 2724 590 2803 mandatae
621 2722 748 2799 litteris
779 2722 875 2799 sunt.
935 2726 1071 2827 Quum
1100 2728 1232 2811 itidem

264 2830 366 2910 ratim
394 2826 441 2905 de
460 2826 533 2901 illis
563 2824 830 2925 exposuerunt3
857 2821 921 2899 alii
944 2846 1069 2904 autem
1092 2828 1233 2931 specia.

264 2928 375 3011 naria
403 2952 529 3007 earum
559 2944 792 3026 argumenta3
838 2946 902 3001 aut
929 2928 1050 3027 capita
1088 2951 1233 3012 tantum

264 3028 421 3110 bifloriae
446 3028 561 3107 huius
584 3027 710 3104 sancta
739 3024 972 3114 illustrarunt,
998 3028 1130 3129 scripta
1156 3034 1237 3109 illo·

281 3130 506 3239 spectantia,
545 3128 676 3205 eodem
716 3126 868 3213 ordine,
896 3150 1011 3225 quem
1038 3152 1147 3207 antea
1180 3134 1236 3211 se.

264 3262 326 3337 tm,
353 3232 409 3311 ita
431 3228 624 3317 enarrabo,
656 3248 695 3305 vt
717 3228 911 3328 postquam
951 3234 1235 3311 commentarios

264 3390 268 3409 .
295 3328 511 3441 percensui,
536 3328 611 3407 illis
661 3352 788 3429 uoque
815 3326 992 3425 speciales
1019 3328 1235 3434 adiungam.

264 3452 317 3519 'ara
349 3432 510 3512 historia
533 3354 778 3507 ecclebasticae
796 3425 922 3527 Belgii
939 3432 1131 3532 generalia,
1154 3458 1237 3535 quae

264 3524 455 3621 intentoro,
470 3530 662 3609 referenda
680 3531 763 3607 sunt
778 3560 786 3601 :

264 3681 311 3731 tu.
362 3676 439 3725 aaz
452 3672 522 3720 err
582 3642 705 3739 histoire
748 3638 963 3740 ecciaessalliqur
1006 3640 1053 3712 du
1090 3646 1239 3741 Paysbar,

264 3752 429 3831 Μαίη
447 3770 481 3823 et
496 3744 587 3845 finite
609 3750 666 3818 der
685 3772 817 3847 rarequrs
832 3760 864 3811 et
884 3744 1102 3843 archetrtques,
1122 3773 1165 3817 on
1185 3777 1239 3820 cn.

272 3858 341 3939 ιη,
356 3854 466 3952 firm
478 3904 490 3937 ,
531 3848 578 3920 ier
596 3846 785 3941 fondations
815 3842 872 3913 des
906 3840 1054 3941 obbayes,
1089 3849 1239 3922 Atrebati

264 3984 445 4135 bibente
515 4070 725 4121 nosvetot
774 4040 899 4140 bistonio
942 4044 1063 4140 ecclessn
1109 4041 1241 4145 belgice,

264 4170 301 4241 iz
319 4162 522 4237 trocxxut.
549 4146 613 4221 fol.

1146 4268 1240 4339 oto·

264 4392 1128 4439 ....-----—-·-····1·············-*
1143 4393 1243 4407 ......

264 4480 344 4547 brer.
365 4488 534 4537 tenenat.
552 4484 585 4544 p·
607 4480 674 4537 ¹4²³

264 4598 371 4651 tottii
395 4580 527 4653 noir.
557 4588 623 4632 ton.
646 4588 675 4633 v.
693 4585 721 4645 p.
747 4567 812 4625 116.

727 4680 749 4745 Ρ
