3225 5509
587 623 908 684 recinstasric.
1222 623 1296 710 387

151 735 1254 766 fflm-m—
1271 751 1292 762 -

183 807 339 860 errorum
353 779 556 856 insimulatus
577 783 633 858 est.
660 791 680 832 *
731 791 817 857 Νοη
830 805 945 856 omnes
970 785 1164 880 scriptores,
1185 813 1203 859 a
1223 790 1293 860 ltel-

151 919 156 930 ·
182 891 328 960 termino
350 879 599 981 pretermiiios,
622 884 774 956 Oudinus
799 884 973 957 recensuit:
999 893 1104 958 inimo
1129 892 1169 960 de
1190 889 1291 986 pluri-

183 991 242 1062 bus
256 987 329 1060 fere
339 983 450 1056 'tacuit-
472 1011 477 1020 ·
496 987 607 1054 binius
622 987 764 1058 studium
774 991 810 1056 in
825 987 958 1070 latinis,
979 985 1133 1084 sequioris
1149 997 1292 1064 maxime

182 1093 307 1167 trades
332 1086 484 1183 quentin
503 1089 614 1174 grecis
643 1091 857 1162 monimentis
895 1085 1118 1182 persequendis
1147 1092 1295 1160 colloca.-

183 1195 243 1264 uit.
295 1191 336 1258 In
353 1185 518 1256 sententiis
544 1184 683 1256 devisis
714 1188 847 1258 eruditis
874 1182 1004 1260 diuerlie
1026 1190 1192 1284 religionis
1215 1217 1291 1264 mo.

182 1291 390 1362 demtionem
405 1283 565 1356 ostendit:

263 1475 499 1536 nvcroittts,
526 1475 670 1547 quorum
694 1451 800 1523 sludio
823 1455 858 1523 in
880 1451 988 1526 lucem
1010 1457 1096 1531 edita
1124 1457 1189 1530 est:
1221 1484 1289 1530 nta-

178 1583 243 1662 gne
261 1553 448 1628 bibliotheca
468 1553 680 1646 eccltfiasticat
693 1555 760 1646 fine
779 1561 896 1624 notitia
912 1555 1101 1656 lirrptornrn
1121 1561 1290 1655 ecclcfinsli·

181 1685 287 1738 munt
302 1675 448 1728 veteram
474 1679 512 1723 ac
537 1661 767 1748 recentiorum,
799 1663 834 1724 in
864 1680 927 1755 qno
960 1659 1074 1728 ordine
1097 1661 1288 1759 alphabetico

183 1769 364 1838 ruminetur
389 1751 721 1852 anctorumfinrorum
735 1765 855 1828 titteris
873 1775 904 1826 et
919 1759 1196 1854 intertrimenti:
1229 1789 1290 1834 aum
1366 1743 1370 1764 ⁵

184 1883 301 1941 ctorem
317 1855 544 1960 aposolicorum
565 1875 597 1925 et
606 1851 792 1951 firnctorunr
820 1877 951 1952 patruni
979 1867 1052 1930 vnn
1072 1864 1288 1960 compendium

183 1987 216 2040 ei
232 1987 337 2038 torum
348 1961 472 2056 scripta
486 1975 732 2040 enumerantur,
761 1980 857 2028 ceter.
885 1979 985 2030 tonius
1004 1965 1028 2032 i.
1055 1961 1204 2034 Coloniae
1225 1965 1286 2035 Al·

159 2062 361 2158 ‚lobtogum
380 2075 619 2132 ntDchxxtv.
642 2055 704 2127 iol.
734 2057 777 2102 **
830 2061 931 2156 Quod
958 2059 979 2128 fi
1011 2086 1158 2132 auctores
1184 2063 1285 2134 snsce-

182 2191 274 2268 prum
293 2161 442 2232 laborem
464 2155 668 2228 bibliothece
694 2157 788 2226 huius
806 2157 846 2226 ad
873 2157 973 2228 linem
991 2160 1215 2252 perduxissent,
1230 2189 1287 2234 ve·

184 2287 391 2360 temagnum
411 2281 510 2354 atque
525 2257 723 2328 vtiliffimum
744 2281 828 2352 opus
852 2261 886 2324 in
907 2260 1057 2330 inanibus
1080 2257 1154 2331 ellet
1176 2265 1286 2334 erudi.

185 2391 309 2446 torum.
362 2359 607 2431 Constituerant
623 2361 731 2442 enim,
758 2382 831 2426 non
847 2353 952 2426 solum
966 2355 1160 2454 scriptorum
1175 2361 1283 2435 sacro-

185 2493 278 2566 tum,
302 2467 448 2534 virorum
463 2457 717 2554 apostolicorum
734 2481 771 2526 ac
787 2476 918 2554 patrum
937 2464 1017 2528 vitis
1038 2485 1076 2528 ac
1098 2468 1292 2534 monimen·

184 2595 217 2648 ta
232 2587 400 2641 enarraret
417 2557 470 2630 sed
488 2563 586 2630 etinm
607 2559 646 2627 de
673 2556 901 2652 interpretibus
920 2557 1104 2654 scripture:
1143 2569 1288 2634 auetori-

184 2671 244 2758 bus
257 2665 396 2740 historie
414 2657 637 2742 ecclesiastice,
652 2659 825 2754 theologie
845 2658 1057 2752 dogmatice,
1077 2659 1286 2752 sclrolnsllcae,

184 2767 337 2853 moralis,
357 2761 489 2834 casuum
510 2763 739 2842 coniciendae,
775 2763 854 2829 iuris
884 2765 1054 2850 canonici,
1090 2763 1288 2858 polemicis,

186 2867 325 2966 mysticis
344 2867 578 2955 cuiuscumque
602 2860 767 2952 religionis
785 2885 824 2928 ac
847 2857 935 2929 secte
962 2885 1139 2958 exponere:
1184 2867 1287 2936 histo·

184 2956 267 3047 liant
285 2993 324 3038 ac
343 2966 470 3036 decreta
488 2961 704 3030 conciliorum
722 2965 891 3042 omnium,
924 2961 1124 3054 generalium
1147 2990 1184 3032 ac
1208 2990 1287 3060 pat·

184 3071 391 3162 boulanium,
416 3059 580 3133 exhibere:
627 3061 666 3130 de
689 3059 899 3156 pontificibus
935 3067 1081 3131 romanis
1104 3088 1287 3160 eorumque

183 3179 277 3255 vitis,
299 3168 423 3262 seriptis
449 3186 487 3230 ac
508 3159 620 3230 bullis:
657 3161 696 3230 de
722 3159 909 3229 auctoribus
939 3163 1093 3230 ordinum
1118 3164 1288 3256 religioso·

184 3299 257 3348 rum
277 3269 414 3363 aliisque
448 3261 543 3336 rebus
567 3267 719 3331 notitiam
743 3259 956 3354 suppeditare.
1035 3261 1096 3330 Sed
1125 3285 1288 3356 quantum

183 3375 269 3470 seio,
292 3375 417 3469 primus
435 3384 563 3434 tautum
579 3385 687 3432 tomus
703 3360 905 3430 bibliothece
923 3361 1016 3428 huius
1030 3362 1174 3456 prodiit:

726 3491 787 3560 Bb
824 3512 844 3563 2
1158 3517 1289 3568 nunri-

148 3645 1088 3682 ιιιιιι---ι--····-··“····-···---------........,,,-,,,,,Ι

174 3743 192 3782 e
214 3729 363 3798 edeustttit
381 3729 536 3792 Oudinum
555 3747 614 3786 non
634 3722 726 3786 solum
747 3743 875 3788 errorum
887 3750 895 3799 ;
924 3726 970 3790 sed
990 3731 1078 3792 etiem
1106 3731 1196 3813 plegii
1231 3755 1288 3797 ῃ,

204 3839 294 3884 ttnts
318 3815 465 3896 prolegom.
489 3812 605 3888 briioriae
632 3809 747 3870 lirnrur.
768 3811 899 3887 firipenr.
926 3813 1114 3892 erelsrbjliror,
1134 3819 1204 3888 sm,
1229 3835 1277 3876 m

201 3921 264 3986 Μ
286 3899 368 3980 quod
386 3915 462 3976 agie
477 3896 546 3956 tulit
568 3913 726 3952 overtsvs
752 3891 865 3972 hecque
887 3897 922 3953 de
946 3915 975 3954 re
994 3895 1166 3976 conquestus
1193 3897 1233 3958 est
1255 3904 1290 3963 in
1366 3899 1372 3908 '

193 3983 311 4066 epistola
326 3981 364 4042 etl
378 3979 535 4054 Moyetrtrn.
578 3979 707 4036 Fuerunt
730 3992 827 4034 tamen
845 3995 873 4036 et
891 3979 959 4050 alii,
985 3980 1037 4056 qui
1063 3999 1151 4042 errem
1173 3981 1221 4042 illu
1246 3982 1290 4042 lti-

202 4067 305 4132 irrite·
323 4060 589 4125 animaduerterent
608 4076 695 4135 etque
711 4059 907 4121 emendarent.
950 4061 1090 4123 lithisest
1112 4085 1288 4125 irnovtct

175 4165 181 4178 '
201 4145 422 4214 moninus
436 4143 473 4203 ad
489 4143 580 4224 irrigii
586 4140 752 4217 schediasma
766 4143 797 4199 de
814 4142 987 4210 auctoribus,
1006 4165 1053 4226 qtet
1069 4147 1291 4224 descriptoribus

201 4231 374 4312 ecelefiessieir
394 4243 506 4310 eperum
526 4247 554 4306 p.
566 4245 611 4284 ro.
656 4243 888 4285 rrurzriivs
914 4225 1040 4298 tollitur,
1052 4225 1171 4288 senntis
1188 4232 1218 4288 in
1226 4229 1293 4312 fiip·

199 4319 364 4402 lemw
380 4311 436 4371 ¹¹⁰⁰
457 4303 653 4388 ⁰⁰ffli¹⁰suiffcr
671 4307 833 4386 profitiant
849 4313 1072 4370 exercitationum
1080 4312 1250 4387 siltetortrtn.

171 4443 210 4488 *ἢ
224 4460 290 4506 ιω
305 4437 438 4497 eruilitor.
457 4453 694 4498 tinecxxtttv.
717 4455 745 4511 p.
761 4445 827 4506 385.
849 4431 1018 4515 bibliothequ.
1039 4439 1209 4516 germaniqu.
1226 4453 1293 4502 ton.

203 4553 343 4600 xxxiii.
361 4553 389 4610 p.
404 4553 429 4592 r.
450 4529 560 4590 ionrnal
582 4528 627 4588 des
643 4529 746 4604 struens
767 4546 989 4593 unccxxxr.
1015 4530 1072 4588 iun.
1098 4545 1128 4604 p.
1151 4539 1224 4602 ten,
1240 4529 1296 4590 lib.

200 4631 331 4712 iinbrqn
347 4630 483 4710 raisorme'e
500 4647 567 4692 ton.
582 4644 669 4690 xiii.
694 4643 804 4706 pm.
