3225 5509
513 416 764 560 saproprgatisn
779 458 821 528 de
838 460 1001 556 smangile
1016 461 1099 532 dans
1116 464 1160 532 les
1170 481 1249 560 pays
1265 418 1467 560 stranguer,

514 564 626 634 lettres
643 555 786 658 patenter
797 560 845 630 dte
861 585 918 655 roy
939 564 978 630 de
996 563 1028 632 la
1045 564 1172 658 grande
1192 566 1355 656 Bretagne
1367 565 1475 638 Gallu

514 685 613 736 ceter.
638 659 1116 738 RoterdamiMDccv111.12.
1149 665 1200 731 cui
1230 666 1475 758 interpretation

512 763 587 836 sunt
603 785 665 832 tres
686 760 850 830 sermones
868 759 947 830 sacri
970 762 1009 832 de
1046 762 1258 834 conuerfione
1276 765 1475 866 hominum}

512 883 811 957 rum,actnvo.
831 883 956 935 onor.
982 886 1035 931 oe
1065 887 1113 936 tn
1144 887 1299 933 morati:
1328 865 1443 938 habiti.

567 963 676 1035 Simile
690 955 801 1032 fuille:
826 966 931 1031 immo
959 963 1065 1032 adhuc
1089 955 1159 1033 elle
1174 963 1313 1033 liudium
1343 989 1456 1060 regum

513 1087 648 1161 gentes,
673 1087 745 1158 quae
764 1061 840 1132 licta
856 1067 992 1132 numina
1006 1063 1132 1155 colunt,
1152 1066 1190 1132 ad
1208 1064 1360 1135 christum
1375 1073 1475 1164 eiusqt

510 1163 855 1264 plinam‚adducendi‚
881 1164 993 1233 itidem
1003 1164 1077 1232 saris
1099 1165 1235 1234 constat.
1289 1171 1475 1266 Spectant}

449 1335 454 1342 ,
561 1271 629 1338 Der
646 1263 835 1358 kbnr'glichen
854 1262 1023 1356 deutschen
1034 1261 1238 1359 mffonarim
1254 1290 1312 1336 aut
1324 1265 1475 1356 Ollindiet

503 1368 620 1464 fiendte
639 1362 856 1454 aursllhrlicbe
876 1361 1030 1447 berichte,
1059 1365 1149 1459 quod
1177 1389 1286 1460 opus,
1334 1369 1381 1437 ob
1410 1371 1475 1440 mul

513 1473 642 1560 tiaeque
661 1487 709 1530 res
732 1464 959 1533 memorabiles
983 1466 1123 1535 lectione
1144 1471 1264 1561 piaque
1279 1469 1475 1540 meditationi

512 1589 566 1636 me
588 1565 742 1655 dignum,
767 1561 900 1656 prodire
921 1571 1019 1659 coepit
1038 1565 1129 1634 Halae
1148 1586 1295 1641 muccx.
1310 1592 1345 1662 4.
1398 1575 1475 1641 Dico

509 1671 546 1736 in
563 1665 669 1734 lucem
687 1663 782 1732 exiit:
827 1685 1166 1736 ennruotontet
1197 1691 1475 1742 attenuante:

431 1783 438 1798 ·
499 1765 683 1864 stibrlicher
699 1761 840 1846 suriest,
861 1769 920 1834 wie
942 1789 978 1834 er
992 1763 1071 1854 nebst
1082 1763 1192 1862 [einen
1216 1770 1371 1866 collegere,
1392 1773 1475 1843 bern

507 1869 579 1942 ries
617 1861 753 1963 Plutscbe
794 1863 870 1934 dar*
894 1884 961 1935 amr
990 1866 1047 1936 der
1083 1869 1237 1965 euangtlii
1264 1893 1307 1940 zu
1341 1877 1475 1970 'franget

508 1973 568 2046 der
609 1965 690 2062 illst
737 1967 946 2038 coronanda
993 1985 1088 2039 onter
1122 1968 1182 2038 den
1220 1969 1334 2066 heyden
1363 1980 1433 2046 ond

502 2073 609 2176 pclrr.
686 2073 764 2167 Qua
804 2071 994 2139 narratione
1040 2069 1157 2165 edita,
1205 2077 1398 2146 continuata
1439 2076 1475 2149 ill

512 2173 618 2246 solum
651 2197 708 2267 per
735 2169 842 2265 plures
876 2195 981 2252 annos
1006 2168 1087 2248 fuit3
1130 2169 1181 2241 sed
1216 2177 1314 2244 etiam
1356 2178 1423 2247 hoe
1458 2201 1475 2249 tt

506 2275 698 2372 producitur
719 2269 862 2364 longius,
887 2275 1036 2365 inprimis
1051 2269 1157 2340 studio
1175 2296 1419 2356 eorrtttur.
1440 2305 1475 2349 tt

415 2415 421 2424 ·
509 2393 742 2446 annuerent.
803 2375 1105 2441 continuationum
1138 2372 1279 2467 ipsarum
1312 2398 1421 2448 tantus
1448 2405 1475 2448 nt

503 2473 566 2558 est,
589 2493 624 2542 vt
648 2470 710 2542 illae
726 2495 815 2541 nunc
841 2469 983 2566 septem,
1016 2471 1089 2541 satis
1116 2475 1308 2570 ampliores,
1345 2499 1455 2549 tomos

502 2595 610 2646 ruant.
661 2577 776 2642 Praeter
791 2571 873 2654 alia,
899 2571 1084 2656 sermones,
1119 2599 1138 2642 a
1164 2571 1368 2646 rniffionariis
1389 2603 1463 2652 cum

503 2700 577 2746 tum
595 2671 804 2741 sectatoribus
820 2670 919 2753 facti,
947 2670 1025 2767 saepe
1047 2671 1252 2757 referuntur,
1282 2701 1320 2747 ex
1335 2679 1452 2772 quibus
1470 2705 1475 2729 ⁴

502 2773 601 2844 solida
625 2775 731 2853 ratio,
760 2796 836 2842 cum
864 2773 923 2841 illis
957 2774 1137 2867 disputandi
1169 2801 1348 2872 eorumque
1371 2803 1475 2850 errort

501 2870 647 2954 futandi,
673 2871 880 2961 intelligenda
897 2874 950 2947 ell.
1003 2878 1112 2962 li‚qui
1134 2875 1173 2946 de
1188 2899 1254 2948 tam
1274 2878 1427 2948 laudabili
1444 2887 1475 2950 in
