3225 5509
231 637 303 720 652
434 633 525 689 car.
551 631 637 684 etr.
666 627 720 678 or
761 621 961 674 terreris
993 615 1163 668 ηκτοι.

280 763 372 860 ηβη
398 767 623 864 coriambum
657 765 738 838 nard
766 757 939 856 notddrrrst
968 763 1123 840 eridumt
1148 755 1226 832 bird
1238 779 1280 846 ,t

280 870 390 966 operit
412 871 521 944 multa
534 867 607 942 sunt
624 867 799 944 editiones.
851 869 936 944 Exiit
959 861 1038 936 illud
1058 870 1094 935 in
1118 863 1218 934 luceru
1234 861 1279 928 Fra

203 1011 208 1021 ·
281 969 363 1044 furti
408 987 647 1046 mncxcur.
680 965 741 1038 fol.
778 967 799 1010 *
877 983 1025 1050 uoce.
1065 963 1130 1035 fol.
1175 975 1279 1038 unct

282 1087 461 1146 MDccxu·
477 1068 592 1141 erdem
618 1067 750 1150 format
789 1065 921 1138 Altonae
940 1082 1196 1140 ntnccxxu.
1212 1059 1279 1152 41

284 1187 577 1248 ninccxxxu.
594 1191 631 1264 4.
675 1191 789 1265 prater
816 1191 894 1263 quas
921 1167 1099 1256 editiones,
1143 1161 1277 1256 quedam

286 1291 527 1348 memorantur.
576 1273 805 1366 Interpretario
830 1273 897 1342 eius
930 1265 1054 1360 belgica
1077 1264 1200 1362 prodiit
1223 1265 1279 1338 Am

285 1367 377 1448 darni
389 1385 607 1444 MDcxcvut.
623 1369 687 1446 soi.
737 1369 876 1442 Constat
909 1367 1066 1448 volumen
1094 1369 1159 1437 hoc
1190 1383 1262 1432 octo

283 1491 467 1561 eorumque
486 1476 591 1569 priato
613 1477 721 1566 agitur
750 1471 790 1538 de
818 1465 932 1538 officiis
965 1473 1113 1562 priorum
1139 1463 1278 1542 christian

283 1589 360 1660 erga
384 1568 506 1642 deum:
532 1565 671 1666 secundo
696 1569 736 1640 de
764 1569 896 1642 illorum
918 1568 1007 1638 cuitu
1032 1571 1177 1639 numinis
1197 1559 1278 1664 publi

281 1671 435 1762 priuato:
459 1680 557 1743 renio
575 1672 615 1743 de
630 1670 823 1750 eorumdem
839 1665 953 1738 officiis
972 1691 1009 1737 ae
1027 1667 1176 1740 moribus
1197 1687 1268 1758 erga

281 1785 399 1868 quarto
421 1767 462 1841 de
477 1772 624 1843 moribus
645 1794 743 1867 atque
765 1767 880 1840 officiis
907 1793 982 1862 erga
1010 1765 1040 1839 se
1067 1767 1175 1864 ipsos:
1205 1771 1277 1864 quir

282 1865 430 1948 moribus
450 1894 527 1966 erga
542 1877 685 1968 impios:
701 1868 794 1966 sexto
817 1871 857 1940 de
881 1873 948 1938 vita
974 1873 1103 1962 priuata
1123 1891 1161 1937 ac
1177 1867 1277 1965 donn

273 1963 407 2064 septime
428 1969 468 2041 de
483 1971 694 2066 singularibus
719 1971 815 2040 donis
839 1970 1072 2052 miraculorum
1095 1989 1198 2064 atque
1222 1985 1277 2038 ectr

283 2067 421 2139 cadente
434 2071 684 2154 christianismo.
697 2077 733 2116 **
781 2075 986 2166 Argumenta
997 2067 1064 2164 ipsa
1074 2067 1247 2140 Arnoldus
1261 2071 1276 2135 i:

279 2163 444 2262 sequitur,
476 2192 511 2243 vr
539 2197 612 2242 non
636 2171 838 2252 mediocrem
866 2169 1076 2262 industriam,
1106 2169 1276 2244 eruditiou

279 2271 433 2362 peritiam
450 2277 652 2370 antiquitatis
669 2271 907 2362 ecclesiastica,
939 2296 1002 2342 vna
1030 2295 1108 2342 eum
1137 2269 1276 2348 iudicatu

182 2451 190 2468 ι
280 2367 428 2465 euitare,
450 2373 599 2444 ostendat
618 2373 785 2469 multaque
809 2365 977 2466 edisserat,
1009 2397 1080 2470 quar
1111 2371 1155 2440 ad
1188 2369 1276 2452 [budi

280 2465 386 2548 solum
398 2471 536 2548 historia
556 2475 790 2552 ecclesiasticae
813 2471 866 2544 sed
884 2477 982 2552 etiam
1000 2470 1275 2568 sanctimoniepe

280 2569 468 2654 adiumenta
483 2575 639 2670 praebent.
689 2581 803 2660 Minus
832 2592 942 2650 tamen
972 2571 1186 2668 probandum
1207 2569 1267 2654 est,

280 2671 355 2764 pios
372 2695 481 2740 mores
497 2696 644 2756 veterum
661 2677 911 2752 christianorum
923 2679 992 2768 pari
1010 2671 1115 2746 modo
1141 2695 1275 2746 comme

281 2765 347 2836 siue
380 2769 428 2838 illi
461 2793 547 2841 recte
579 2771 731 2845 senserint
760 2778 799 2848 de
823 2774 917 2844 rebus
940 2773 1129 2866 religionis3
1172 2771 1275 2842 finer

282 2889 380 2962 atque
395 2893 472 2939 eum
494 2871 618 2956 videri,
640 2873 898 2948 indifferentismi
927 2871 1153 2943 defensoribus
1185 2872 1274 2942 saner

354 2993 474 3038 urrnr
518 2995 666 3054 rotetur
700 2975 791 3068 ersies
818 2973 1037 3066 chrissentbum
1069 2984 1103 3042 in
1127 2973 1190 3042 der
1213 2971 1274 3042 sehr

276 3063 382 3150 leben,
401 3069 525 3146 Kilonii
541 3093 704 3149 MDccxl.
720 3100 756 3167 4.
819 3075 942 3146 Referri
975 3097 1007 3150 et
1036 3075 1101 3144 huc
1138 3074 1269 3169 potest:

280 3193 404 3250 ronti
436 3195 689 3246 rroreuucrcrr
715 3175 834 3274 epistola
856 3176 893 3246 de
913 3176 1027 3246 diuina
1054 3183 1125 3246 uita
1150 3173 1274 3264 cde-istie

273 3279 537 3379 primitiarum,
557 3301 628 3370 quae
649 3277 775 3370 anglice
790 3280 934 3354 eiusdem
955 3276 1064 3346 libro:
1098 3276 1153 3344 the
1168 3273 1226 3368 best
1254 3303 1273 3344 e.

279 3371 448 3448 subiuncta
475 3397 574 3474 arque
600 3382 635 3456 in
655 3375 801 3471 linguam
815 3382 1038 3470 germanicam
1056 3379 1216 3446 conuersa
1227 3377 1269 3446 esi

279 3471 422 3546 Conrado
429 3477 774 3560 Brrrsriomocxcrx.
787 3490 819 3560 8.
837 3501 934 3548 tuma
952 3487 998 3551 Io.
1011 3483 1110 3551 Bern.
1122 3478 1273 3547 Heinzelr

278 3571 320 3644 ad
339 3569 440 3640 finem
465 3573 626 3647 librorum
660 3600 715 3648 to.
742 3601 1096 3650 wournrorrrour
1122 3578 1272 3680 vorrder‘·

272 3669 381 3768 pflr'cdt
398 3672 458 3744 der
472 3675 688 3774 woffenheim
714 3682 925 3762 Hannouerae
941 3697 1194 3782 MDCCXV11.4.

722 3825 758 3908 S·
812 3821 879 3902 111.

325 3919 455 3996 Praeter
475 3920 547 3996 iam
567 3946 749 4005 enarrator
765 3927 955 4028 scriptores
978 3926 1024 4005 de
1049 3927 1124 4003 vita
1147 3951 1191 4002 ac
1215 3953 1271 4002 mo

232 4035 395 4099 ueterum
421 4019 724 4126 christianorum,
749 4034 854 4107 multi
867 4029 908 4104 in
928 4029 1008 4104 vitis
1035 4028 1271 4130 singularium

1239 4151 1271 4203 ct

270 4311 286 4346 *
307 4324 367 4365 etta
383 4305 508 4366 eruditor
535 4329 711 4374 uncxcur.
732 4317 841 4392 12546.

272 4397 303 4428 Η
324 4411 386 4472 quer
403 4391 479 4452 libro
495 4391 764 4470 hoccontinentur,
781 4419 812 4457 ea
828 4397 984 4480 diiigenter
1001 4395 1149 4477 percenset
1179 4417 1268 4460 mr

292 4475 412 4551 [timor.
429 4475 481 4539 lue.
504 4476 633 4556 euangelii
649 4496 703 4558 cap.
716 4500 747 4540 x.
771 4503 799 4560 p.
811 4503 819 4539 ι
825 4501 872 4558 97.
892 4479 945 4559 seq.

271 4563 321 4598 Μ
346 4577 478 4617 cocart
499 4555 610 4634 disserit
625 4561 742 4626 Araoidr'
753 4586 780 4645 p.
796 4584 862 4642 ¹07·
886 4584 1107 4634 teruncium
1132 4559 1269 4646 cathmi

299 4637 409 4724 thetim.
429 4659 459 4720 p.
479 4651 547 4719 825.
