3225 5509
716 407 727 434 ἱ

605 604 956 706 teon-eerasram
1269 587 1340 718 367ι

957 751 1333 772 -a——n-n-——n—-n

240 793 358 864 habere
379 815 458 860 curn
477 787 666 881 donatistis3
684 813 745 858 nec
762 789 962 881 grauissimas
980 789 1171 866 eorumdem
1197 795 1339 864 vexatio·

241 913 295 964 nes
317 897 355 960 in
384 889 498 980 Gallia
515 889 579 960 viia
606 895 734 972 ratione
756 887 896 958 excusari
922 913 959 958 ac
975 887 1105 960 defendi
1126 889 1232 987 posse3
1254 895 1339 963 hanc

241 1014 348 1062 eutem
366 987 412 1060 ob
436 985 577 1060 caussam
597 983 881 1081 Maimburgium,
906 985 1117 1084 Boisuetum,
1149 994 1337 1072 Nicolium,

242 1091 440 1163 ferrandum
465 1113 588 1160 vanum
622 1087 771 1184 laborem
799 1085 979 1182 suscepisse,
1015 1114 1117 1184 quum
1142 1093 1215 1162 istas
1245 1089 1338 1164 fuiss'e

245 1193 354 1274 iuius,
378 1215 417 1261 ex
431 1191 668 1286 imperatorum
686 1187 797 1260 edictis
818 1188 967 1259 aduersus
986 1189 1159 1262 donatistas
1187 1191 1338 1285 probare,

247 1291 295 1362 [ibi
314 1289 494 1362 sumserint.
547 1289 684 1357 Constat
707 1288 788 1356 liber
810 1288 1009 1359 hicduobus
1031 1295 1147 1358 tomis:
1182 1295 1272 1386 prior
1284 1289 1339 1366 ex·¹

237 1391 327 1462 iubet
340 1393 616 1462 commentarium
635 1389 675 1456 de
688 1387 767 1457 statu
788 1387 921 1458 ecdcstae
942 1387 1110 1458 africana:
1137 1390 1256 1462 deeius
1275 1398 1340 1462 ori-

250 1497 330 1586 gine,
359 1488 458 1582 sede,
479 1487 577 1570 loco,
606 1487 820 1582 anuasitudine
843 1511 874 1556 er
892 1488 1021 1582 gloria,
1043 1489 1126 1574 fide,
1153 1491 1258 1570 cultu,
1278 1497 1339 1562 mi·

227 1669 231 1678 ,
251 1587 1227 1684 nisiris,tegimine.distiplina‚conciliis,nutrieschismatibus,
1240 1591 1338 1662 liber-

252 1689 483 1773 nemoribus,
493 1689 739 1768 calamitatibus,
750 1687 960 1771 restitutione,
974 1690 1336 1786 interitu.Posteriorto·

256 1809 312 1860 taut
342 1779 831 1885 complectitur'avuvsrtnr
880 1787 1039 1860 librumde
1067 1798 1190 1859 unitate
1217 1791 1336 1886 eccleisa

258 1913 353 1960 tonrta
383 1889 580 1975 donatistas,
606 1913 670 1956 vna
696 1912 770 1956 cum
794 1893 881 1956 notia
903 1913 940 1956 ac
964 1885 1233 1960 dissertationibus
1257 1917 1338 1986 qua·
1404 1969 1414 1986 ·

228 2011 333 2064 ,tuorz
361 1991 401 2060 de
436 1987 602 2059 schismate
641 1989 893 2058 donatistarum:
937 1989 977 2058 de
1010 1989 1155 2061 libertate
1182 1992 1334 2064 ecclesia:

256 2089 287 2160 dt
320 2089 482 2160 methodis
506 2085 753 2182 pontificiorum
795 2113 833 2156 ac
874 2090 913 2158 de
938 2091 1124 2160 Stoicorum
1144 2089 1214 2160 fato
1239 2113 1337 2188 atque

256 2191 479 2288 Epicureorum
511 2187 671 2271 fortuna,
706 2194 743 2256 in
772 2187 1037 2257 christianismum
1060 2190 1252 2260 introductis
1279 2215 1336 2288 per

258 2287 402 2366 seientiam
436 2289 579 2360 mediam
605 2313 643 2356 ac
679 2293 889 2381 negationem
921 2287 1120 2381 prescientiae
1150 2287 1337 2362 futurorum

259 2395 511 2485 contingentium.
562 2386 685 2460 Referri
701 2389 743 2458 ad
762 2388 850 2456 hunc
868 2388 978 2456 locum
990 2411 1031 2456 ea
1047 2413 1181 2482 quoque
1196 2387 1336 2483 possunt,

261 2513 315 2584 que
325 2489 363 2558 de
387 2489 681 2584 prouocationibus
705 2487 840 2560 ecclesia:
854 2485 1011 2556 'africanae
1035 2486 1201 2558 adsedem
1227 2513 1336 2562 roma·

263 2611 322 2658 nam
339 2589 496 2685 disputata
520 2615 556 2656 ac
576 2587 691 2682 scripta
711 2587 794 2658 sunt.
871 2587 998 2656 Exstat:
1046 2611 1178 2657 maner
1215 2613 1338 2660 anro-

266 2709 318 2758 nrt
345 2712 519 2760 caretur
553 2686 727 2783 diffareatio
757 2701 797 2758 de
826 2683 1079 2785 adpellaaionibur
1108 2689 1227 2784 ccclafia
1252 2689 1337 2782 asri-

264 2811 327 2860 eraa
339 2797 381 2860 aa
395 2813 560 2858 romanam
576 2787 698 2878 iidem,
720 2813 835 2859 contra
855 2788 1076 2882 protestantes,
1091 2795 1229 2859 maxime
1246 2795 1337 2860 Mur·

266 2911 323 2958 tun
337 2895 521 2959 Antonium
548 2891 587 2959 de
602 2895 755 2959 Dominis
772 2888 964 2983 composita,
990 2913 1060 2983 quae
1079 2915 1180 2983 quum
1196 2895 1336 2983 primam

264 2983 348 3058 lucem
363 2987 487 3059 vidisset
512 2990 633 3059 Parisiis
655 3005 876 3072 niDcxxl1.8.
900 2988 988 3056 iliam
1013 2995 1131 3058 iterum
1157 2989 1336 3060 litterarum

264 3082 357 3158 formis
376 3091 620 3184 exprimendam
641 3093 768 3158 curauit
788 3095 835 3162 lo.
871 3087 1003 3158 Thomas
1027 3090 1067 3157 de
1096 3086 1289 3179 Rocaberti,
1316 3088 1336 3132 *

264 3183 390 3284 stantque
414 3190 587 3259 secundam
608 3189 786 3259 editionem
819 3188 952 3284 sequuta
980 3189 1023 3256 est
1047 3193 1139 3256 tertia
1166 3191 1205 3256 ad
1230 3209 1336 3260 exem·

264 3286 351 3377 plum,
380 3287 421 3358 ab
442 3289 510 3382 ipso
526 3288 662 3384 Capeilo
691 3311 870 3370 mutatum,
897 3293 931 3355 in
952 3287 1048 3354 aliam
1073 3286 1218 3356 formam
1246 3289 1338 3358 reda-

264 3388 573 3472 numantinum,
598 3388 752 3482 descripta
773 3411 869 3482 arque
899 3393 933 3457 in
961 3388 1066 3458 lucem
1092 3387 1199 3456 emissa
1223 3395 1336 3460 Romae

263 3503 440 3563 MDccxxll.
455 3502 489 3574 8.
506 3515 570 3585 qua
590 3489 740 3584 Capellns
768 3488 866 3557 aliam
895 3493 1075 3580 rationem,
1111 3493 1338 3562 auctoritatem

261 3579 322 3656 sedis
345 3615 488 3660 romnnae
507 3591 636 3682 tuendi,
671 3593 761 3658 iniitt
788 3594 892 3658 immo
910 3611 1023 3683 quarta
1046 3611 1121 3656 cura
1144 3587 1337 3687 Christopba·

260 3693 286 3752 ’τ’
300 3691 439 3760 Maniai
454 3686 555 3784 Psaffii
579 3715 653 3758 cum
678 3689 957 3774 adnotationibus,
983 3689 1023 3756 ad
1038 3687 1156 3756 librum
1184 3688 1271 3756 hunc
1295 3691 1337 3760 il-

260 3781 439 3859 lustrandum
459 3815 496 3857 ac
518 3789 759 3858 confutandum
783 3782 913 3888 additis.
929 3789 963 3830 *⁴*
998 3787 1087 3857 Idem
1109 3809 1338 3882 argumentum

259 3887 447 3986 persequutus
468 3889 532 3959 est:
563 3911 851 3959 cnnrsmanvs
883 3909 1001 3961 uvtvs
1027 3883 1165 3982 scripto,
1191 3890 1282 3983 qnod
1299 3897 1338 3960 ti.

259 3987 346 4058 tulum
361 3992 447 4058 hunc
466 4015 529 4084 prae
551 3987 581 4058 se
600 3988 683 4060 sert:
711 3990 858 4057 diuinum
873 4013 910 4057 ac
932 3985 1085 4057 immobile
1105 3985 1205 4073 firncti
1231 3993 1337 4080 Petri,

256 4089 437 4182 apostolarum
451 4097 622 4189 principis,
652 4097 739 4159 circa
756 4097 893 4156 omnium
903 4085 965 4181 sub
983 4089 1050 4156 cala
1060 4083 1202 4180 fidelium
1222 4092 1266 4160 ad
1284 4118 1338 4164 ro-

255 4207 365 4260 nanam
382 4199 448 4259 eius
470 4189 654 4259 cathedram
678 4191 915 4286 adpellata'anes,
940 4183 1099 4280 adtreifiam
1116 4191 1265 4282 profanas
1285 4191 1337 4264 bo·

253 4289 296 4358 die
319 4315 428 4362 tracum
455 4299 612 4364 tenuitates
636 4289 794 4388 adsertam
814 4291 1035 4390 ptiaiicgiam,
1060 4307 1170 4360 contra
1190 4291 1230 4361 ac
1243 4296 1338 4365 Mar-

419 4425 422 4430 ·
1280 4421 1317 4465 ca

241 4603 303 4663 *in
323 4603 468 4666 bibliothec.
485 4609 609 4662 maiximae
622 4591 764 4678 ponttficiae
782 4617 847 4660 tara.
860 4617 932 4659 xvi.
951 4613 1058 4672 1³:231.
1087 4655 1092 4690 1

241 4701 275 4752 ’*
292 4713 438 4776 imrateca.
448 4715 480 4782 ia
493 4709 632 4794 bilinien
646 4706 759 4790 theolog.
777 4704 942 4793 itinerum
953 4720 1034 4790 part.¹
1045 4717 1104 4764 nr.
1119 4720 1147 4781 p.
1157 4719 1203 4776 rr.-
