3225 5509
589 633 895 686 rccuustasrtc.
1249 637 1320 713 149

152 734 716 778 ..---.-...7..„
1107 741 1222 754 ..-

192 793 315 866 titulo:
346 796 517 866 annalium
541 797 803 898 occiniastt'carum
825 798 887 902 past
907 798 1053 897 Gaesarcm
1069 803 1245 870 Baraniunt
1266 817 1316 872 to·

194 919 262 968 ntis
285 918 411 968 1111·
424 921 492 968 xx.
514 895 645 972 alanno
665 911 852 978 mcxcvm.
867 926 963 1001 mque
975 900 1019 970 acl
1031 925 1148 971 annum
1171 917 1317 976 MDLXV.

200 1021 313 1082 rm,
332 1005 372 1066 itt
390 994 469 1068 orie
486 999 651 1096 christiano
658 999 829 1096 gosstrum,
841 1009 1058 1072 narrationem
1068 995 1315 1100 complectentes,

149 1103 153 1112 '
206 1101 240 1168 iu
269 1094 492 1194 conspectum
532 1101 621 1170 orbis
651 1102 767 1171 eruditi
810 1126 983 1178 venerum:
1035 1107 1178 1197 primum
1199 1106 1314 1170 Ro'mae

149 1195 152 1272 J
209 1215 364 1274 mcxvl.
395 1221 435 1267 ac
458 1196 665 1296 sequentibus
699 1207 814 1272 annis:
833 1202 948 1274 deinde
974 1202 1125 1272 Coloniae
1151 1200 1192 1270 ab
1221 1225 1312 1271 anno

149 1381 151 1388 Ι
208 1313 369 1372 ttncxxl.
407 1297 450 1368 ad
488 1318 639 1378 MDCXL.
661 1298 722 1373 fol.
778 1307 817 1372 ln
846 1301 1044 1373 editionibus
1071 1299 1313 1372 colonienfibus

149 1427 151 1434 ·
206 1397 300 1468 multa
326 1397 519 1484 habentur,
547 1406 675 1496 quaein
700 1426 839 1473 romana
867 1403 991 1486 desum,
1020 1404 1152 1498 hocque
1175 1405 1314 1473 nomine

149 1497 177 1562 ':·
204 1496 256 1568 ill:
279 1501 450 1569 maiorem
477 1499 747 1575 existimationem
765 1502 877 1599 praesc
899 1503 1028 1573 habent.
1091 1508 1206 1572 Praeter
1235 1501 1311 1586 alia,

149 1593 160 1668 ,²
204 1597 674 1676 iniislocumobtinuerum:
711 1627 893 1672 u1couo1
927 1625 1134 1672 musteum
1161 1601 1310 1673 animad·
1408 1607 1410 1612 ’

203 1697 349 1794 urlinus
375 1717 408 1770 rt
416 1695 535 1797 scholia
565 1709 602 1772 in
630 1707 817 1801 apologiam,
852 1723 950 1800 nuper
975 1703 1096 1774 editam
1120 1703 1160 1773 de
1180 1707 1251 1773 vira
1275 1719 1308 1773 ct
1354 1705 1357 1715 “

203 1801 357 1875 molo.
375 1803 468 1870 Duut
480 1801 568 1872 Scoti
582 1801 731 1894 adtterluc
743 1803 958 1874 Abrabamum
976 1807 1151 1876 Bzouium:
1172 1825 1226 1873 ru
1239 1825 1308 1872 ro·

153 1945 159 1956 ·
207 1924 301 1972 nort
346 1925 556 1972 auuooui
599 1901 724 1974 libellus
753 1904 1304 2006 depictateromanatozovtr

149 2007 156 2014 “
202 2005 266 2072 uim
296 1999 446 2094 Silucflri
484 2007 526 2078 ΙΙ.
557 2008 635 2074 item
656 2008 725 2075 uita
774 2023 808 2074 cr
832 2003 919 2104 pafflo
940 2001 1104 2075 Alalbcrti
1136 2004 1242 2097 Vrfini
1254 2026 1305 2084 ,o

149 2107 157 2154 ’τ’
203 2099 406 2196 stlnssrott.
426 2103 528 2176 edita.
579 2109 667 2173 Octo
690 2109 789 2174 tomis
810 2105 1108 2175 horumannalium
1128 2104 1201 2200 post
1216 2125 1307 2172 mot-

204 2223 267 2272 tem
289 2205 405 2273 Bzouii
425 2227 548 2286 nonus,
574 2203 614 2274 ab
633 2229 724 2273 anno
746 2223 890 2277 MDva.
917 2205 957 2272 ad
984 2221 1159 2276 MDLxxn.
1181 2201 1308 2269 accesso

203 2325 239 2370 ac
262 2303 389 2398 prodiit
412 2308 528 2373 Romu
560 2323 736 2378 MDLxxlt.
768 2301 871 2377 foi*
938 2310 1020 2399 Quae
1051 2299 1091 2371 ab
1123 2325 1164 2369 eo
1189 2300 1307 2396 scripta

202 2399 331 2472 fuerant
355 2425 475 2472 contra
502 2403 708 2474 Ludouicum
730 2403 890 2476 bauarum
911 2408 1164 2497 imperatorem,
1187 2400 1241 2470 illa
1259 2423 1309 2468 re·

202 2499 283 2572 fdlit
324 2527 363 2572 ac
396 2526 459 2598 pro
494 2504 730 2574 existimatione
779 2505 857 2578 dicti
904 2506 1111 2600 imperatoris
1146 2503 1308 2596 pugnauit
1378 2537 1380 2544 ·

149 2627 154 2640 ·
205 2625 420 2674 ouototvs
454 2627 698 2676 uuuwaurvs
728 2608 764 2673 in
779 2604 940 2673 annalium
963 2601 1224 2698 ccclossaslicorum
1245 2595 1307 2698 pasl

164 2733 169 2738 ·
202 2697 347 2800 cesarem
371 2709 545 2774 Burunium
563 2713 642 2775 tami
666 2728 745 2781 xtv.
763 2705 801 2773 ab
818 2702 894 2777 alr.
906 2710 1026 2776 Bzouia
1040 2700 1216 2802 conscripti,
1247 2699 1307 2770 ad·

202 2801 526 2902 prndicc,laonachii
551 2824 713 2879 MDCXXt.
739 2803 801 2881 fol.
852 2807 1013 2876 Posterior
1029 2805 1097 2876 haec
1120 2804 1165 2875 est
1184 2803 1328 2890 editi03¹

198 2907 298 3000 prior
318 2926 425 2976 autem
450 2905 573 2999 prodiit
594 2925 782 2979 MDcxvllt.
804 2929 840 2998 4.
865 2911 909 2977 ita
936 2904 1103 2999 inscripta:
1129 2907 1307 2974 Ludouicur

210 3029 264 3079 tv.
285 3011 458 3104 imperator
474 2999 617 3101 discustos
641 3025 755 3075 contra
772 3013 889 3077 Buauit'
905 3007 1078 3076 calumnias
1092 3001 1305 3074 manualibus
1375 3075 1385 3098 „

153 3115 159 3128 '
197 3101 271 3200 piis.
289 3107 329 3150 *¹¹
379 3108 639 3200 Reprehenditur
658 3111 774 3175 merito
793 3113 944 3191 Bzouius,
968 3108 1058 3203 quod
1082 3111 1118 3174 in
1140 3099 1306 3174 annalibus

166 3219 170 3224 '
202 3210 340 3278 nimium
365 3207 507 3277 studium
524 3209 762 3290 monstramur,
784 3206 895 3278 fictam
909 3206 1074 3303 pontilicis
1094 3208 1222 3274 romani
1242 3226 1306 3297 ρο·

202 3307 345 3378 testatem
367 3329 464 3402 atque
491 3313 718 3377 auctoritatem
750 3308 929 3384 stabiliendi
963 3307 1180 3400 ordinemque
1212 3300 1306 3373 suum

200 3407 448 3478 dominicarum
470 3408 748 3483 commendandi:

186 3547 192 3558 ·
278 3532 501 3578 tiuumcvs
532 3533 795 3590 soouoouvs,
831 3511 886 3604 qui
913 3505 1073 3576 annalium
1099 3500 1306 3599 acclcssaslica·

198 3605 410 3706 roncnfion
434 3612 565 3677 Baronii
588 3610 852 3678 continuationem
872 3604 910 3677 al
927 3632 1008 3677 anno
1035 3623 1305 3704 Mcxcv111.quo

161 3717 168 3732 “
197 3709 335 3806 isdniit,
363 3705 516 3800 adfinem
537 3727 684 3786 innexi„
700 3713 777 3778 iuris
791 3707 911 3803 publici
930 3707 1019 3790 fecit,
1027 3704 1148 3775 Parisiis
1159 3723 1305 3779 MDCXL.

197 3829 359 3886 ttDchI.
376 3808 505 3880 duobus
525 3808 746 3880 voluminibus
767 3808 830 3880 fol.
881 3816 997 3906 ¹Quam
1025 3811 1167 3902 primam
1198 3805 1308 3876 lucem

149 3927 170 3970 -·“
194 3911 371 4008 postquam
402 3934 486 4005 opus
510 3913 576 3979 hoc
605 3912 739 3991 viderat,
770 3909 849 3978 illud
880 3913 997 3981 iterum
1024 3908 1148 3978 editum
1169 3906 1212 3975 est
1228 3930 1306 3975 cum

196 4010 320 4082 Parisiis
340 4029 542 4085 Mncxtvn.
562 4009 673 4088 itidem
694 4009 823 4081 duobus
848 4014 946 4080 tomis
974 4007 1037 4082 fol.
1064 4030 1133 4077 rum
1154 4005 1307 4098 Lugduni

149 4131 157 4140 ·
697 4117 726 4182 1(
754 4135 771 4202 3
1067 4123 1308 4202 mucuxxvm.

149 4231 1101 4276 *pm——

188 4307 206 4348 θ
227 4318 396 4384 quartum
422 4319 449 4363 et
467 4323 624 4367 ucuauor
642 4308 775 4390 scriptor.
792 4309 882 4372 ordin.
903 4311 1042 4391 predicar.
1056 4326 1120 4367 tom.
1138 4325 1175 4367 11.
1191 4326 1220 4382 p.
1237 4307 1320 4384 489<

215 4405 285 4448 nic
299 4402 427 4444 usuum
456 4393 592 4448 montairec
610 4409 676 4455 torn.
699 4414 874 4474 xxv11.‚p.
896 4414 962 4470 332.
981 4389 1153 4456 uaclricbteu
1169 4409 1222 4447 von
1240 4393 1313 4447 einer

213 4465 360 4545 billifilnu
377 4463 525 4534 notoria,
542 4474 641 4535 volum.
655 4495 695 4539 ιι.
719 4498 748 4557 ρ,
768 4496 835 4555 231.
860 4496 989 4544 anuuit
1006 4475 1158 4535 dictionair.
1172 4470 1307 4552 historiqu

209 4571 241 4614 et
261 4553 376 4632 critiqu-
397 4569 467 4611 voce
491 4551 619 4618 Bzauiut.
1308 4586 1318 4604 ·

180 4633 221 4680 ⁰*
244 4651 402 4696 nnntvt
437 4635 512 4696 licto
536 4637 609 4701 loco:
636 4637 810 4708 uachriclttn
835 4662 889 4708 uon
907 4643 981 4706 titur
1003 4637 1142 4721 lilliscbett
1171 4635 1309 4702 lilliotltt

223 4717 333 4781 volun.
350 4735 391 4782 ιι.
409 4739 437 4800 p.
460 4737 527 4799 πῃ.
984 4767 988 4774 .
