3225 5509
482 634 816 691 recursrnsrrc.
1107 666 1118 679 .
1148 624 1222 707 28,

267 738 1179 765 Μ
1251 755 1255 769 ,

267 788 376 889 irenfis
406 790 707 887 archiepiscopatus
729 788 813 889 gella
845 794 1065 889 treuirenfium
1094 798 1220 869 archn·
1251 763 1264 788 ἡ

267 922 308 989 a,
342 894 384 966 de
409 918 558 991 quorum
584 916 716 963 auctore
738 918 786 962 res
816 916 888 962 non
920 894 1015 991 plane
1048 898 1217 993 explorata
1300 938 1313 979 ·.

276 1020 376 1067 ousc
390 1018 503 1065 uerso
527 992 583 1063 illa
598 992 780 1089 conscripta
801 990 883 1075 elle,
909 996 1061 1067 nonnulli
1078 1020 1195 1093 putant
1203 1020 1219 1085 3

267 1108 328 1181 ln,
354 1098 414 1193 qui
439 1092 658 1189 suspicantur,
682 1118 719 1163 ca
740 1119 758 1162 a
782 1092 926 1189 pluribus
947 1100 1120 1169 monachis
1143 1098 1217 1169 san-

267 1204 313 1269 tiae
338 1196 455 1267 litteris
472 1194 630 1267 mandata
648 1190 750 1269 fuisse.
800 1206 831 1265 A
857 1200 952 1265 variis
973 1197 1027 1266 illa
1051 1203 1086 1267 in
1106 1200 1215 1273 lucem

284 1296 384 1375 sunt,
417 1296 603 1391 discrepant
631 1318 739 1365 autem
763 1295 923 1365 editiones
945 1300 1030 1367 inter
1050 1297 1093 1373 se.
1146 1306 1216 1373 Pri·

267 1424 271 1465 ι
300 1400 370 1468 haec
396 1394 565 1491 euulgauit
599 1420 725 1467 avens
760 1418 1004 1466 nncsrrnrvs
1039 1422 1142 1495 eaque
1171 1402 1215 1471 ab

269 1498 388 1571 illiano
404 1516 493 1573 xxx.
514 1520 616 1593 vsque
630 1494 670 1563 ad
683 1520 809 1565 annum
822 1513 995 1567 Mcxxxll.
1012 1496 1215 1595 descripta*

267 1600 354 1671 idem
381 1600 460 1667 iuris
485 1596 604 1692 publici
635 1594 715 1665 fecit
753 1616 992 1665 coneraio.
1019 1620 1212 1671 curriss-

267 1722 482 1781 :srarrrvs,
508 1702 573 1780 ita,
594 1719 629 1767 vt
647 1695 796 1791 quaedam
819 1692 949 1763 vberius
967 1721 1005 1764 ac
1025 1696 1126 1768 fustus
1146 1723 1214 1773 tra-

268 1800 304 1847 l*
321 1802 486 1895 optimam
502 1820 610 1866 aurem
634 1798 832 1867 monimenti
853 1794 948 1863 huius
963 1796 1142 1873 editionem
1154 1803 1211 1875 de·

268 1922 482 1973 ronvnno
529 1920 729 1967 MARTENE
775 1916 808 1965 et
848 1918 1008 1965 vasrno
1050 1922 1211 1971 ovasse.

294 2006 331 2071 ln
350 1998 406 2071 illa
424 2022 496 2067 non
513 1998 655 2073 exstant.
684 2022 754 2091 que
774 1999 892 2091 partim
909 2018 1017 2091 aperte
1039 1996 1210 2093 fabulosa;

268 2102 333 2173 alde
348 2106 474 2171 incerta
492 2098 640 2191 iustoque
659 2096 946 2165 breuiusenarrata
963 2096 1053 2181 sunt,
1079 2124 1118 2167 ac
1136 2101 1210 2193 plu.

268 2226 364 2289 ¹nata,
389 2222 485 2269 anten
508 2194 645 2279 omissa,
671 2194 880 2275 exhibentur,
904 2220 1060 2265 unacum
1076 2198 1213 2291 quibus·

268 2302 441 2397 escriptis‚
471 2298 512 2367 ad
531 2323 580 2367 res
600 2294 786 2367 treuirenses
813 2294 1017 2365 illustrandas
1040 2294 1214 2375 adiunctis.

268 2402 512 2499 ipsus-historia
532 2404 567 2467 in
584 2396 728 2467 editione
747 2396 809 2463 hac
830 2392 871 2463 ab
888 2418 978 2463 anno
999 2414 1215 2477 Dcccnxxx.

268 2504 312 2581 eil.
381 2496 653 2571 Doctiffimorum
684 2496 804 2565 horum
826 2498 974 2565 virorum
998 2496 1144 2594 exempla
1161 2500 1214 2573 se-

279 2626 547 2675 svcvsrrravs
580 2620 793 2667 caustrrvs
817 2594 909 2691 gcssis
927 2596 1004 2681 his,
1034 2596 1145 2671 denuo
1169 2602 1218 2675 ad

268 2704 386 2779 ivsum
406 2698 658 2781 transferendis,
690 2722 825 2793 operans
852 2696 941 2767 dedit
965 2719 1064 2795 atque
1093 2700 1218 2781 itidem.

268 2804 407 2877 amandi
424 2802 503 2884 illa,
529 2804 692 2871 rationem
712 2802 802 2881 iniit,
825 2818 861 2868 vt
883 2822 954 2894 quae
974 2798 1050 2869 licta
1070 2820 1103 2871 et
1118 2827 1220 2877 corn-

282 2906 372 2989 lirnt,
399 2923 601 2982 remoueret,
631 2900 744 2989 codice
763 2898 864 2969 sancti
880 2900 1029 2970 Matdriae
1052 2908 1220 2975 treuiren.'

282 3008 460 3103 antiquiori
477 3000 617 3083 collato,
643 2998 729 3075 vsus.
752 3004 770 3045 *
822 3004 938 3071 Praeter
956 3006 1129 3100 epitomem
1148 3004 1214 3081 sue

268 3108 448 3205 egestorum
473 3106 704 3183 Treuirorum,
731 3124 770 3171 ex
794 3104 985 3193 germanico
1006 3098 1156 3173 sermone
1177 3109 1216 3179 in

268 3204 473 3288 conuersam,
498 3202 603 3273 studio
641 3208 684 3277 lo.
708 3200 973 3281 Sebenckmnnni,
998 3226 1036 3271 ac
1066 3206 1214 3275 Treuiris

278 3332 312 3405 4.
337 3305 474 3405 publicae
490 3303 553 3373 luci
580 3301 775 3397 expositam,
808 3324 879 3396 quar
905 3326 923 3370 a
950 3299 1118 3371 nonnullis
1147 3304 1216 3375 huc

269 3462 274 3491 ‚
295 3402 530 3481 memorandus
548 3402 592 3473 est
608 3402 749 3485 libellus,
770 3406 861 3470 cuius
881 3400 1048 3494 inscriptio
1064 3402 1124 3473 eli:
1158 3428 1217 3473 ar.

269 3530 346 3585 atne
364 3526 398 3581 et
417 3508 603 3577 electoratus
616 3504 793 3594 treuirensr
812 3522 868 3599 per
880 3500 1088 3597 refractarios
1105 3526 1217 3575 mona·

269 3618 436 3687 eximiam
479 3608 619 3706 aliosque
663 3602 818 3691 turbari,
868 3602 1004 3695 August.
1049 3606 1218 3683 Treuiror.

269 3734 378 3801 imm·
400 3712 458 3807 qui
476 3706 595 3803 spectat
617 3706 658 3775 ad
683 3709 826 3775 vicinam
846 3700 917 3771 vrbi
933 3703 1096 3773 treuirensr
1116 3704 1218 3775 abba·

269 3818 316 3887 .cti
332 3812 508 3883 Maximini
524 3857 534 3891 ,
558 3807 639 3878 olim
650 3806 895 3884 immediatam,
911 3828 948 3871 ac
965 3827 1027 3898 pro
1051 3804 1133 3877 statu
1148 3812 1220 3877 ciue

269 3940 308 3987 m·
327 3907 413 3983 iulsu
444 3908 674 4005 archiepiscopi
696 3905 829 4001 scriptus
844 3904 899 3974 ell.
948 3904 1078 3975 Exstant
1102 3929 1135 3975 et
1156 3905 1221 3977 sm·

269 4018 470 4090 narrationes
490 4008 532 4081 de
562 4006 759 4107 quibusdam
793 4004 1039 4103 archiepiscopis
1063 4010 1221 4079 treuiren-

300 4161 303 4167 .
1122 4104 1220 4181 sibus.

622 4256 1216 4275 *ΩΨ-..-

269 4360 340 4405 m.
356 4358 398 4405 u.
418 4362 446 4423 p.
460 4350 529 4409 ωε.
549 4312 686 4399 editionis
704 4327 833 4396 secundet
852 4324 963 4389 Parisiis
984 4344 1207 4390 noccxxru.

269 4446 292 4491 ι.
307 4422 459 4503 historicen.
477 4442 544 4485 eoin.
558 4440 581 4483 r.

274 4508 410 4587 scriptu.
429 4526 457 4569 ee
476 4520 671 4587 memmiae.
683 4498 839 4561 eodeetionir
854 4514 927 4555 tomo
942 4512 989 4553 ιν.
1006 4510 1035 4571 p.
1049 4490 1118 4569 146.

270 4600 308 4657 s'r.
324 4586 503 4673 eoebllsssiqu.
522 4604 550 4653 ee
566 4584 643 4649 ciuile
661 4584 692 4643 de
712 4584 848 4645 iareairu
868 4596 934 4645 rm.
946 4594 971 4645 r.
1000 4666 1003 4671 Ι

463 4690 477 4753 3
568 4702 571 4709 '
674 4692 704 4761 T
