3225 5509
158 587 164 604 ’
265 623 342 700 440
477 625 567 674 err.
594 628 675 680 vri.
705 625 760 676 oa
787 627 979 676 ecrrrrts
1012 627 1184 681 ursron.

400 805 565 855 raon.
599 806 765 854 nautis
795 788 925 882 inquiry
958 788 1027 850 into
1047 777 1100 846 the
1111 771 1210 874 slepe
1233 773 1290 852 tlte¹
1318 769 1423 869 letaty

326 881 395 956 and
407 879 530 976 [lature
545 879 584 979 ⁰i
594 882 646 954 tbt
666 883 774 983 perlate
789 879 827 977 os
837 879 957 976 chrisi,
979 877 1098 970 andos
1114 875 1166 947 tle
1188 880 1303 972 virgin
1323 877 1424 968 unq,

327 1002 427 1055 ceter.
447 981 590 1052 Londini
607 1002 835 1061 Moccxxxv.
856 993 890 1067 8.
907 983 929 1024 *
991 973 1258 1076 Quodammodo
1282 995 1316 1044 et
1340 975 1422 1044 loeus

327 1085 383 1155 hic
400 1080 558 1176 adsignari
575 1083 700 1178 potest:
737 1109 792 1156 ro.
825 1104 989 1154 narsrtr
1016 1073 1301 1150 exercitationibus
1314 1073 1425 1164 bellor-

327 1188 377 1254 ct't
395 1181 645 1277 deimagint'bttt
664 1183 726 1279 iesu
750 1182 878 1278 christi,
902 1199 1056 1282 quotquot
1084 1179 1175 1274 vulgo
1202 1175 1429 1268 alumpnu-

329 1301 408 1367 tur,
427 1282 558 1377 tentiis,
585 1286 802 1384 interpolatis,
846 1290 940 1379 garis
962 1288 1051 1352 aentit
1073 1299 1104 1350 et
1124 1279 1236 1349 madir
1263 1273 1431 1374 acceffioni·

330 1380 389 1456 lter
402 1390 529 1474 auctis.
549 1381 662 1483 quibus
678 1390 868 1455 exercitatio
877 1381 1060 1482 philologiae
1082 1380 1121 1451 dt
1136 1381 1249 1474 lingua
1269 1379 1433 1448 amata

331 1477 396 1576 ieſse
434 1483 542 1579 christi
581 1485 776 1558 emendatior
807 1503 839 1554 et
882 1483 1069 1580 locupletata
1090 1478 1321 1578 fiebiungitttr‚
1353 1483 1435 1548 Iena

331 1601 558 1660 MucaxxriV.
575 1609 611 1672 4.
624 1583 667 1634 *¹¹¹
717 1589 797 1679 Agit
817 1604 932 1654 auctor
950 1584 990 1654 de
1003 1580 1201 1676 imaginibus
1218 1579 1346 1662 chtisti,
1370 1601 1436 1648 tam

333 1684 494 1754 miraculo
515 1709 554 1754 ac
576 1685 641 1757 fine
664 1687 808 1756 hominis
826 1682 1026 1754 adminiculo
1050 1683 1223 1759 formarier
1260 1705 1365 1776 quam
1387 1704 1438 1749 ar-

335 1804 368 1853 te
383 1784 528 1856 humana
544 1783 650 1856 factis.
699 1786 752 1857 Ad
771 1785 841 1854 illas
864 1782 962 1855 refert
983 1788 1162 1877 imagines,
1181 1779 1359 1876 dequibus
1375 1803 1437 1850 tra·

335 1883 442 1967 ditur,
465 1910 565 1956 vnam
578 1885 707 1955 iliarum
723 1912 741 1954 a
758 1885 875 1954 christo
898 1885 939 1953 ad
949 1885 1119 1978 Abgarum
1131 1878 1321 1954 edellenum
1334 1903 1438 1952 trans·

336 1980 487 2058 miffam:
523 1986 658 2056 alteram
682 1989 850 2055 Veronicae
880 1984 920 2054 ab
945 1985 1062 2055 eodem
1087 1984 1200 2054 datam
1228 2005 1330 2078 atque
1361 1981 1437 2050 alte·

336 2107 409 2154 ram
425 2083 555 2156 sindoni
568 2111 607 2155 ac
623 2087 729 2156 linteis
741 2084 968 2181 sepulcralibus
987 2081 1170 2179 impressam
1184 2079 1299 2158 fuiss'ea
1325 2083 1367 2152 ad
1382 2082 1437 2151 has

336 2206 470 2256 autem:
494 2191 673 2282 imaginem
689 2212 727 2255 ac
747 2187 883 2256 statuam
901 2183 1154 2279 paneadensem,
1178 2209 1291 2278 quam..
1304 2181 1440 2276 mulier,

336 2283 502 2379 sanguinis
523 2288 688 2383 profluuio
706 2288 837 2358 adflicta
854 2308 951 2381 atque
974 2284 1069 2354 aiesu
1096 2283 1234 2380 sanata,
1266 2277 1439 2354 colloeaffe

337 2384 480 2458 dicitur:
517 2392 694 2484 imagines,
724 2394 819 2458 Lucae
845 2411 883 2456 ac
908 2385 1096 2456 Nicodemo
1125 2385 1291 2454 tributas:
1328 2381 1441 2454 setun·

336 2484 418 2555 dum
437 2487 605 2581 epistolam
623 2489 752 2560 Lentuli
779 2508 812 2556 et
829 2485 1145 2581 prosopographiam
1174 2485 1359 2578 Nicephori
1385 2481 1440 2552 de-

334 2583 494 2654 lineatae:
517 2591 552 2656 in
571 2595 715 2658 nummis
737 2587 905 2660 exhibitas.
923 2585 987 2629 *⁴⁰¹¹
1039 2591 1089 2656 De
1105 2585 1220 2678 lingua
1241 2585 1349 2656 chtisti
1368 2607 1439 2654 vet·

335 2682 453 2752 nacula
483 2684 592 2756 statuit
630 2688 799 2772 Reiskius,
846 2686 937 2758 illam
968 2685 1171 2757 chaldaicam
1209 2711 1249 2756 ac
1281 2684 1437 2779 syriacam

335 2780 440 2859 fuiffe.

770 2918 801 2993 §·
853 2908 940 2984 Vll.

398 3045 540 3126 Relicta
565 3045 649 3124 sunt
677 3046 777 3124 varia
808 3044 1014 3124 testimonia
1038 3045 1084 3121 de
1112 3043 1291 3124 seruatore
1310 3045 1436 3120 nostro

286 3147 332 3226 ab
356 3144 424 3242 iis,
446 3149 514 3249 qui
530 3172 700 3225 verorum
724 3147 908 3225 sacrorum
931 3169 1116 3246 exportes,
1142 3139 1348 3223 iudaicaac
1368 3171 1434 3246 pa·

152 3275 158 3290 ’
284 3275 388 3354 gana
409 3248 585 3352 religioni
606 3248 741 3326 addicti
767 3250 940 3327 fuerunt.
989 3252 1046 3324 De
1071 3245 1141 3320 illis
1167 3253 1282 3324 multa
1307 3245 1435 3346 scripta

285 3377 327 3427 ac
349 3348 640 3450 dispumante,
667 3351 830 3438 constat,
854 3347 1044 3450 prasertim
1075 3347 1121 3423 de
1143 3372 1208 3432 eo.
1246 3345 1350 3450 quod
1378 3351 1436 3425 lo-

283 3451 418 3552 sephus
460 3450 587 3552 dedit,
651 3476 768 3551 quum
815 3452 899 3542 alii,
951 3448 1042 3523 illud
1092 3473 1314 3624 germanum
1367 3447 1435 3527 effe

284 3575 394 3651 atque
414 3553 567 3643 omnino
601 3552 854 3628 auctoritatem
884 3576 954 3649 prae
979 3549 1014 3626 sc
1043 3547 1090 3623 ha
1120 3573 1206 3635 ere,
1224 3549 1433 3638 adfirmant;

285 3654 348 3728 alii
370 3674 518 3746 autem,
548 3652 586 3728 id
611 3679 630 3728 a
650 3653 854 3729 christianis
877 3651 1064 3734 additum
1092 3671 1156 3725 aut
1175 3649 1301 3728 saltem
1326 3651 1436 3728 inter·

284 3757 448 3849 polatum
470 3752 591 3840 fuisse,
619 3754 830 3852 opinantur.
894 3755 991 3851 Qut
1015 3749 1114 3849 apud
1135 3750 1331 3850 scriptores
1356 3777 1435 3853 pro-

281 3850 388 3927 fanos
406 3853 608 3940 habentur,
629 3856 735 3930 effata
762 3854 809 3931 de
840 3851 974 3930 christo
1003 3876 1081 3927 non
1113 3853 1242 3929 omnia
1269 3851 1435 3931 eiusdem

280 3953 366 4028 sunt
387 3951 589 4052 dignitatis.
1385 3961 1388 3972 '

320 4225 510 4299 *deforma
538 4258 570 4299 ac
595 4241 718 4304 statura:
746 4243 783 4304 de
809 4247 1006 4322 pulcritudine
1035 4245 1131 4307 christi
1146 4229 1287 4310 differunt
1302 4263 1434 4328 quoque:

348 4331 561 4406 noanneane
586 4331 732 4386 ornarant.
747 4326 840 4402 histor.
858 4331 984 4415 philolog.
1006 4352 1031 4411 p.
1048 4333 1112 4406 365.
1133 4335 1436 4394 rruruxmimio·

345 4394 422 4456 tubus
433 4405 522 4482 stactis
542 4410 570 4464 in
583 4406 678 4486 psalm.
690 4427 763 4468 xiv.
789 4429 818 4489 p.
833 4428 898 4478 102.

317 4479 351 4516 ¹⁵*
371 4498 433 4540 atta
452 4489 622 4551 eruditorum
641 4510 875 4558 uocrxxxvr.
906 4501 1012 4578 poda.
1387 4545 1390 4552 ·
1453 4551 1463 4570 2

313 4561 364 4602 *¹*
383 4561 419 4624 dc
439 4575 587 4650 nummis,
608 4576 660 4657 qui
675 4575 837 4660 imaginem
862 4580 962 4646 christi
989 4579 1134 4658 referunt,
1160 4581 1225 4664 agit
1256 4595 1453 4658 torrear.

341 4666 405 4710 ava
428 4658 686 4742 stromat.p.185.
